@article{mendoza2017diseno,
    title = {{Dise{\~{n}}o e implementaci{\'{o}}n de un circuito tur{\'{i}}stico inteligente en la Regi{\'{o}}n Puno mediante la metaheur{\'{i}}stica B{\'{u}}squeda Tab{\'{u}}}},
    year = {2017},
    author = {Mendoza Apaza, Oscar David},
    publisher = {Universidad Peruana Uni{\'{o}}n}
}

@inproceedings{Beirigo2016AProblem,
    title = {{A parallel heuristic for the travel planning problem}},
    year = {2016},
    booktitle = {International Conference on Intelligent Systems Design and Applications, ISDA},
    author = {Beirigo, Breno Alves and Dos Santos, Andre Gustavo},
    isbn = {9781467387095},
    doi = {10.1109/ISDA.2015.7489239},
    issn = {21647151},
    keywords = {metaheuristics, parallelization, shortest paths, time-dependent, travel planning}
}

@techreport{Silva2017AbordagensTuristicos,
    title = {{Abordagens de otimiza{\c{c}}{\~{a}}o para apoiar a elabora{\c{c}}{\~{a}}o e an{\'{a}}lise de roteiros tur{\'{i}}sticos}},
    year = {2017},
    author = {Silva, Admilson Alcantara da},
    institution = {C{\^{a}}mpus S{\~{a}}o Carlos},
    keywords = {ADMILSON TESE vers{\~{a}}o revisada out 2017}
}

@inproceedings{Beirigo2016ApplicationData,
    title = {{Application of NSGA-II framework to the travel planning problem using real-world travel data}},
    year = {2016},
    booktitle = {2016 IEEE Congress on Evolutionary Computation, CEC 2016},
    author = {Beirigo, Breno Alves and Dos Santos, André Gustavo},
    isbn = {9781509006229},
    doi = {10.1109/CEC.2016.7743866},
    keywords = {Multiobjective, NSGA-II, Shortest paths, Time-dependent, Travel planning}
}

@article{Chen2014AutomaticServices,
    title = {{Automatic itinerary planning for traveling services}},
    year = {2014},
    journal = {IEEE Transactions on Knowledge and Data Engineering},
    author = {Chen, Gang and Wu, Sai and Zhou, Jingbo and Tung, Anthony K.H.},
    isbn = {1041-4347},
    doi = {10.1109/TKDE.2013.46},
    issn = {10414347},
    keywords = {Map reduce, itinerary planning, location-based service, team orienteering problem, trajectory}
}

@article{Dialnet-TECNICASHEURISTICASAPLICADASALPROBLEMADELCARTEROVI-4844814,
    title = {{Dialnet-TECNICASHEURISTICASAPLICADASALPROBLEMADELCARTEROVI-4844814}}
}

@techreport{FernandezDISENOPERSONALIZADO,
    title = {{DISE{\~{N}}O DE UN VIAJE TUR{\'{I}}TICO PERSONALIZADO}},
    author = {Fern{\'{a}}ndez, Caballero and Lozano, González and Luque, Molina and Rodr{\'{i}}guez D{\'{i}}az, Julián}
}

@misc{ElPobreza,
    title = {{El turismo y la atenuaci{\'{o}}n de la pobreza}},
    publisher = {The World Tourism Organization (UNWTO)},
    url = {http://step.unwto.org/es/content/el-turismo-y-la-atenuacion-de-la-pobreza}
}

@article{Joppe2016EncyclopediaEdition,
    title = {{Encyclopedia of Tourism, 2nd edition}},
    year = {2016},
    journal = {Annals of Tourism Research},
    author = {Joppe, Marion},
    isbn = {0415154057},
    doi = {10.1016/j.annals.2016.07.011},
    issn = {01607383},
    pmid = {15003161},
    arxivId = {arXiv:1011.1669v3}
}

@misc{Estadisticas2018-2019,
    title = {{Estad{\'{i}}sticas de turismo que debes conocer en 2018-2019}},
    url = {https://www.trekksoft.com/es/blog/tendencias-de-viaje-2019}
}

@misc{InformeTrekkSoft,
    title = {{Informe de Tendencias de Turismo 2018 | TrekkSoft}},
    url = {https://www.trekksoft.com/es/biblioteca/ebook-informe-tendencias-turismo-2018#ebooks}
}

@techreport{Informe2007-2017,
    title = {{Informe T{\'{e}}cnico: Evoluci{\'{o}}n de la Pobreza Monetaria 2007-2017}},
    url = {https://www.inei.gob.pe/media/cifras_de_pobreza/informe_tecnico_pobreza_monetaria_2007-2017.pdf},
    institution = {Instituto Nacional de Estad{\'{i}}stica e Inform{\'{a}}tica (INEI)}
}

@article{Rodriguez2012InteractiveRoutes,
    title = {{Interactive design of personalised tourism routes}},
    year = {2012},
    journal = {Tourism Management},
    author = {Rodr{\'{i}}guez, Beatriz and Molina, Julián and P{\'{e}}rez, Fátima and Caballero, Rafael},
    isbn = {0261-5177},
    doi = {10.1016/j.tourman.2011.09.014},
    keywords = {Multiple criteria decision making, Personalised trip, Tourism routes, Tourist support}
}

@techreport{ITINERARY302,
    title = {{ITINERARY PERPARATION AND TOUR PACKAGING MTTM 302}}
}

@misc{LEY29408,
    title = {{LEY GENERAL DE TURISMO - LEY N{${}^\circ$} 29408}},
    publisher = {Ministerio de Comercio Exterior y Turismo (MINCETUR)},
    url = {http://apoturperu.org/wp-content/uploads/2014/11/LEY_GENERAL_DE_TURISMO_LEY29408.pdf}
}

@book{Lius2017MobilePlanning,
    title = {{Mobile Application Business Plan to Assist Travel Planning}},
    year = {2017},
    booktitle = {Information Management and Technology},
    author = {Lius, Steven and Sanjaya, Johan},
    isbn = {9781538629307},
    keywords = {Business, Mobile Application, Planning, Tourism, Travel}
}

@book{Ehrgott2005MulticriteriaOptimization,
    title = {{Multicriteria Optimization}},
    year = {2005},
    booktitle = {Multicriteria Optimization},
    author = {Ehrgott, Matthias},
    pages = {323},
    isbn = {3-540-21398-8},
    doi = {10.1007/3-540-27659-9},
    issn = {0094-2405},
    pmid = {22320778}
}

@article{Silva2018OptimizationItineraries,
    title = {{Optimization approaches to support the planning and analysis of travel itineraries}},
    year = {2018},
    journal = {Expert Systems with Applications},
    author = {Silva, Admilson Alcântara da and Morabito, Reinaldo and Pureza, Vitória},
    doi = {10.1016/j.eswa.2018.06.045},
    keywords = {Mixed integer programming, Multivariate statistical analysis, Profitable tour problem, Tabu search, Tourism activities, Travel itinerary optimization, Traveling salesman problem with priority prizes}
}

@techreport{2017PerfilExtranjero,
    title = {{Perfil del Turista Extranjero}},
    year = {2017},
    url = {https://www.promperu.gob.pe/TurismoIN/EstadisticasEnLinea/ExplorePTE/},
    institution = {Comisi{\'{o}}n de Promoci{\'{o}}n del Per{\'{u}} para la Exportaci{\'{o}}n y el Turismo (PROMPER{\'{U}})}
}

@techreport{2017PerfilExtranjerob,
    title = {{Perfil del Turista Extranjero}},
    year = {2017},
    url = {https://www.promperu.gob.pe/TurismoIN/sitio/VisorDocumentos?titulo=Perfil%20del%20Turista%20Extranjero%202017&url=~/Uploads/perfiles_extranjeros/40/PTEConsolidado2017.pdf&nombObjeto=PerfTuristaExt&back=/TurismoIN/sitio/PerfTuristaExt&issuuid=},
    institution = {Comisi{\'{o}}n de Promoci{\'{o}}n del Per{\'{u}} para laExportaci{\'{o}}n y el Turismo (PROMPER{\'{U}})}
}

@techreport{2017Perfil2017,
    title = {{Perfil del Turista Extranjero que visita Puno - 2017}},
    year = {2017},
    url = {https://www.promperu.gob.pe/turismoin/Uploads/perfiles_extranjeros/40/tips/2562/PTE2017VisitaPuno.pdf},
    institution = {Comisi{\'{o}}n de Promoci{\'{o}}n del Per{\'{u}} para la Exportaci{\'{o}}n y el Turismo (PROMPER{\'{U}})}
}

@techreport{2017PerfilNacional,
    title = {{Perfil del Vacacionista Nacional}},
    year = {2017},
    url = {https://www.promperu.gob.pe/TurismoIN/EstadisticasEnLinea/ExplorePVN/},
    institution = {Comisi{\'{o}}n de Promoci{\'{o}}n del Per{\'{u}} para la Exportaci{\'{o}}n y el Turismo (PROMPER{\'{U}})}
}

@techreport{2017Perfil2017b,
    title = {{Perfil del Vacacionista Nacional que visita Puno - 2017}},
    year = {2017},
    url = {https://www.promperu.gob.pe/TurismoIN//Uploads/temp/Uploads_perfiles_vacac_nac_1039_tips_2215_PVN17VacacionistaQueVisitaPuno.pdf},
    institution = {Comisi{\'{o}}n de Promoci{\'{o}}n del Per{\'{u}} para la Exportaci{\'{o}}n y el Turismo (PROMPER{\'{U}})}
}

@inproceedings{Lim2017PersonalizedAwareness,
    title = {{Personalized Itinerary Recommendation with Queuing Time Awareness}},
    year = {2017},
    booktitle = {Proceedings of the 40th International ACM SIGIR Conference on Research and Development in Information Retrieval  - SIGIR '17},
    author = {Lim, Kwan Hui and Chan, Jeffrey and Karunasekera, Shanika and Leckie, Christopher},
    isbn = {9781450350228},
    doi = {10.1145/3077136.3080778}
}

@inproceedings{Lim2016PersonalizedPreferences,
    title = {{Personalized recommendation of travel itineraries based on tourist interests and preferences}},
    year = {2016},
    booktitle = {CEUR Workshop Proceedings},
    author = {Lim, Kwan Hui},
    issn = {16130073},
    keywords = {Group Recommendations, Personalization, Tour Recommendations, Trip Planning, User Interests}
}

@techreport{2015PlanPENTUR,
    title = {{Plan Estrat{\'{e}}gico Nacional de Turismo 2025 (PENTUR)}},
    year = {2015},
    url = {https://www.mincetur.gob.pe/wp-content/uploads/documentos/turismo/documentos/PENTUR/PENTUR_Final_JULIO2016.pdf},
    institution = { Ministerio de Comercio Exterior y Turismo del Per{\'{u}} (MINCETUR)}
}

@techreport{2011PlanPERTUR,
    title = {{Plan Estrat{\'{e}}gico Regional de Turismo Puno 2021 (PERTUR)}},
    year = {2011},
    url = {http://www.regionpuno.gob.pe/descargas/planes/2013-plan-estrategico-institucional-turismo-pertur-al-2021.pdf},
    institution = {Gobierno Regional Puno}
}

@book{RodriguezDiazPlanificandoMulticriterio,
    title = {{Planificando un viaje personalizado: Aplicaci{\'{o}}n de un enfoque Multicriterio}},
    author = {Rodr{\'{i}}guez D{\'{i}}az, Beatriz},
    publisher = {Universidad de M{\'{a}}laga},
    url = {http://cuadernos.uma.es/pdfs/papeles57.pdf}
}

@article{QIU_JITravels,
    title = {{QIU{\_}JI - Constraints of travels}}
}

@article{RodriguezDiaz2012SistemaPersonalizado,
    title = {{Sistema de ayuda al turista: Modelo para la planificaci{\'{o}}n de un viaje personalizado}},
    year = {2012},
    journal = {Estudios y Perspectivas en Turismo},
    author = {Rodr{\'{i}}guez D{\'{i}}az, Beatriz and Caballero Fern{\'{a}}ndez, Rafael},
    number = {1},
    pages = {108--125},
    volume = {21}
}

@article{Sylejmani2011SolvingApproach,
    title = {{Solving touristic trip planning problem by using taboo search approach}},
    year = {2011},
    journal = {IJCSI International Journal of Computer Science Issue},
    author = {Sylejmani, Kadri and Dika, Agni},
    number = {5},
    volume = {8},
    url = {www.IJCSI.org},
    keywords = {Delete, Insert, Swap, optimization, planning, point of interest}
}

@article{Li2016TravelProblem,
    title = {{Travel itinerary problem}},
    year = {2016},
    journal = {Transportation Research Part B: Methodological},
    author = {Li, Xiang and Zhou, Jiandong and Zhao, Xiande},
    doi = {10.1016/j.trb.2016.05.013},
    issn = {01912615},
    keywords = {Implicit enumeration algorithm, Smart travel, Travel itinerary problem}
}

@inproceedings{Taylor2018TravelPoints-of-Interest,
    title = {{Travel Itinerary Recommendations with Must-see Points-of-Interest}},
    year = {2018},
    booktitle = {Companion of the The Web Conference 2018 on The Web Conference 2018  - WWW '18},
    author = {Taylor, Kendall and Lim, Kwan Hui and Chan, Jeffrey},
    isbn = {9781450356404},
    doi = {10.1145/3184558.3191558}
}

@misc{TurismoPuno,
    title = {{Turismo en Puno}},
    url = {http://punoperu.origenandino.com/}
}

@misc{Derivando2017QueYouTube,
    title = {{¿Qu{\'{e}} es eso del problema P versus NP? - YouTube}},
    year = {2017},
    author = {{Derivando}},
    url = {https://www.youtube.com/watch?v=UR2oDYZ-Sao}
}