@article{mendoza2017diseno,
    title = {{Dise{\~{n}}o e implementaci{\'{o}}n de un circuito tur{\'{i}}stico inteligente en la Regi{\'{o}}n Puno mediante la metaheur{\'{i}}stica B{\'{u}}squeda Tab{\'{u}}}},
    year = {2017},
    author = {Mendoza Apaza, Oscar David},
    publisher = {Universidad Peruana Uni{\'{o}}n}
}

@article{GunawanARecommendation,
    title = {{A Fast Algorithm for Personalized Travel Planning Recommendation}},
    author = {Gunawan, Aldy and Hoong, Chuin Lau and Lu, Kun},
    keywords = {Design, Iterated, Local, Orienteer-ing, Problem with, Problem {\textperiodcentered}, Recommender, Search, System {\textperiodcentered}, Team, Time, Tourist, Trip, Windows {\textperiodcentered}}
}

@inproceedings{Beirigo2016AProblem,
    title = {{A parallel heuristic for the travel planning problem}},
    year = {2016},
    booktitle = {International Conference on Intelligent Systems Design and Applications, ISDA},
    author = {Beirigo, Breno Alves and Dos Santos, Andre Gustavo},
    isbn = {9781467387095},
    doi = {10.1109/ISDA.2015.7489239},
    issn = {21647151},
    keywords = {metaheuristics, parallelization, shortest paths, time-dependent, travel planning}
}

@techreport{Silva2017AbordagensTuristicos,
    title = {{Abordagens de otimiza{\c{c}}{\~{a}}o para apoiar a elabora{\c{c}}{\~{a}}o e an{\'{a}}lise de roteiros tur{\'{i}}sticos}},
    year = {2017},
    author = {Silva, Admilson Alcantara da},
    institution = {C{\^{a}}mpus S{\~{a}}o Carlos},
    keywords = {ADMILSON TESE vers{\~{a}}o revisada out 2017}
}

@inproceedings{Beirigo2016ApplicationData,
    title = {{Application of NSGA-II framework to the travel planning problem using real-world travel data}},
    year = {2016},
    booktitle = {2016 IEEE Congress on Evolutionary Computation, CEC 2016},
    author = {Beirigo, Breno Alves and Dos Santos, André Gustavo},
    isbn = {9781509006229},
    doi = {10.1109/CEC.2016.7743866},
    keywords = {Multiobjective, NSGA-II, Shortest paths, Time-dependent, Travel planning}
}

@misc{Copeland2018ArtificialIntelligence,
    title = {{Artificial Intelligence}},
    year = {2018},
    booktitle = {Encyclop{\ae}dia Britannica},
    author = {Copeland, B.J.},
    url = {https://www.britannica.com/technology/artificial-intelligence}
}

@misc{ArtificialOverview,
    title = {{Artificial Intelligence Overview}},
    url = {https://www.tutorialspoint.com/artificial_intelligence/artificial_intelligence_overview.htm}
}

@book{Luger2009ArtificialSolving,
    title = {{Artificial Intelligence Structures and Strategies for Complex Problem Solving}},
    year = {2009},
    author = {Luger, George F.},
    edition = {6},
    publisher = {Pearson Education},
    address = {Mex{\'{i}}co},
    isbn = {0-321-54589-3}
}

@book{Thornton1992ArtificialSearch,
    title = {{Artificial Intelligence Though Search}},
    year = {1992},
    author = {Thornton, Christopher James},
    publisher = {Springer},
    isbn = {978-94-010-5260-3},
    doi = {10.1007/978-94-011-2836-0}
}

@book{Russell2010ArtificialApproach,
    title = {{Artificial Intelligence: A Modern Approach}},
    year = {2010},
    author = {Russell, Stuart J. and Norvig, Peter},
    edition = {3},
    publisher = {Pearson Education},
    address = {New Jersey},
    isbn = {978-0-13-604259-4}
}

@article{Chen2014AutomaticServices,
    title = {{Automatic itinerary planning for traveling services}},
    year = {2014},
    journal = {IEEE Transactions on Knowledge and Data Engineering},
    author = {Chen, Gang and Wu, Sai and Zhou, Jingbo and Tung, Anthony K.H.},
    isbn = {1041-4347},
    doi = {10.1109/TKDE.2013.46},
    issn = {10414347},
    keywords = {Map reduce, itinerary planning, location-based service, team orienteering problem, trajectory}
}

@techreport{RiojasCanari2005BusquedaN-reinas,
    title = {{B{\'{u}}squeda Tab{\'{u}}: conceptos, algoritmo y aplicaci{\'{o}}n al problema de las N-reinas}},
    year = {2005},
    author = {Riojas Ca{\~{n}}ari, Alicia Cirila},
    url = {http://sisbib.unmsm.edu.pe/bibvirtual/monografias/Basic/riojas_ca/contenido.htm},
    institution = {Universidad Nacional Mayor de San Marcos},
    address = {Lima}
}

@techreport{2016CarpetaPeru,
    title = {{Carpeta georeferencial regi{\'{o}}n Puno Per{\'{u}}}},
    year = {2016},
    url = {http://www.congreso.gob.pe/Docs/DGP/GestionInformacionEstadistica/files/files/2016/1.trimestre.21.puno.pdf},
    institution = {Direcci{\'{o}}n General Parlamentaria},
    address = {Lima}
}

@book{Lawler1976CombinatorialMatroids,
    title = {{Combinatorial Optimization: Networks and Matroids}},
    year = {1976},
    author = {Lawler, Eugene L},
    publisher = {University of California at Berkeley},
    isbn = {0-03-084866-0}
}

@article{Dialnet-TECNICASHEURISTICASAPLICADASALPROBLEMADELCARTEROVI-4844814,
    title = {{Dialnet-TECNICASHEURISTICASAPLICADASALPROBLEMADELCARTEROVI-4844814}}
}

@techreport{FernandezDISENOPERSONALIZADO,
    title = {{DISE{\~{N}}O DE UN VIAJE TUR{\'{I}}TICO PERSONALIZADO}},
    author = {Fern{\'{a}}ndez, Caballero and Lozano, González and Luque, Molina and Rodr{\'{i}}guez D{\'{i}}az, Julián}
}

@misc{ElPobreza,
    title = {{El turismo y la atenuaci{\'{o}}n de la pobreza}},
    publisher = {The World Tourism Organization (UNWTO)},
    url = {http://step.unwto.org/es/content/el-turismo-y-la-atenuacion-de-la-pobreza}
}

@article{Joppe2016EncyclopediaEdition,
    title = {{Encyclopedia of Tourism, 2nd edition}},
    year = {2016},
    journal = {Annals of Tourism Research},
    author = {Joppe, Marion},
    isbn = {0415154057},
    doi = {10.1016/j.annals.2016.07.011},
    issn = {01607383},
    pmid = {15003161},
    arxivId = {arXiv:1011.1669v3}
}

@book{Yang2010EngineeringApplications,
    title = {{Engineering Optimization An Introduction with Metaheuristic Applications}},
    year = {2010},
    author = {Yang, Xin-She},
    publisher = {Jhon Wiley},
    isbn = {978-0-470-58246-6}
}

@book{Rao2009EngineeringPractice,
    title = {{Engineering Optimization: Theory and Practice}},
    year = {2009},
    author = {Rao, Singiresu S.},
    edition = {4},
    publisher = {www.wiley.com},
    isbn = {978-0-470-18352-6},
    keywords = {9780470183526, ISBN-13:}
}

@misc{Estadisticas2018-2019,
    title = {{Estad{\'{i}}sticas de turismo que debes conocer en 2018-2019}},
    url = {https://www.trekksoft.com/es/blog/tendencias-de-viaje-2019}
}

@article{QuispeRoque2007EstudioPuno,
    title = {{Estudio de la demanda tur{\'{i}}stica en el mundo, am{\'{e}}rica, el Per{\'{u}} y en la regi{\'{o}}n Puno}},
    year = {2007},
    author = {Quispe Roque, Diana Margaret}
}

@techreport{Chowdhary2012GoalsIntelligence,
    title = {{Goals, Roots and Sub-fields of Artificial Intelligence}},
    year = {2012},
    author = {Chowdhary, K. R.},
    institution = {MBM Engineering College},
    address = {Jodhpur (India)},
    keywords = {Evolutionary Computa-tion, Expert Systems, Machine Learning, Planning, Robotics, Speech Processing, Vision, and Natural Language Processing Also discuses the Common Techniques for representation, and evolution in addition, and search, biology/neuroscience, cognitive Sci-ence/Psychology, computation, it covers the the Sub-fields: Neural Networks, its roots, learning, logic/mathematics, philosophy, rule systems}
}

@book{2010HandbookMetaheuristics,
    title = {{Handbook of Metaheuristics}},
    year = {2010},
    editor = {Gendreau, Michel and Potvin, Jean-Yves},
    edition = {2},
    publisher = {Springer},
    isbn = {978-1-4419-1663-1},
    doi = {10.1007/978-1-4419-1665-5},
    keywords = {1441916636, 9781441916631}
}

@misc{InformeTrekkSoft,
    title = {{Informe de Tendencias de Turismo 2018 | TrekkSoft}},
    url = {https://www.trekksoft.com/es/biblioteca/ebook-informe-tendencias-turismo-2018#ebooks}
}

@techreport{Informe2007-2017,
    title = {{Informe T{\'{e}}cnico: Evoluci{\'{o}}n de la Pobreza Monetaria 2007-2017}},
    url = {https://www.inei.gob.pe/media/cifras_de_pobreza/informe_tecnico_pobreza_monetaria_2007-2017.pdf},
    institution = {Instituto Nacional de Estad{\'{i}}stica e Inform{\'{a}}tica (INEI)}
}

@book{Russell2004InteligenciaArtificial,
    title = {{Inteligencia Artificial}},
    year = {2004},
    author = {Russell, Stuart and Norvig, Peter},
    edition = {2},
    publisher = {Pearson Prentice Hall},
    url = {www.pearsoneducacion.com},
    address = {Madrid},
    isbn = {978-84-205-4003-0}
}

@article{Rodriguez2012InteractiveRoutes,
    title = {{Interactive design of personalised tourism routes}},
    year = {2012},
    journal = {Tourism Management},
    author = {Rodr{\'{i}}guez, Beatriz and Molina, Julián and P{\'{e}}rez, Fátima and Caballero, Rafael},
    isbn = {0261-5177},
    doi = {10.1016/j.tourman.2011.09.014},
    keywords = {Multiple criteria decision making, Personalised trip, Tourism routes, Tourist support}
}

@inproceedings{Hasuike2013InteractiveConditions,
    title = {{Interactive multi-objective route planning for sightseeing on Time-Expanded Networks under various conditions}},
    year = {2013},
    booktitle = {Procedia Computer Science},
    author = {Hasuike, Takashi and Katagiri, Hideki and Tsubaki, Hiroe and Tsuda, Hiroshi},
    doi = {10.1016/j.procs.2013.09.098},
    keywords = {Interactive approach, Multi-objective programming, Route planning for sightseeing, Time-Expanded Network}
}

@book{Hillier2010IntroduccionOperaciones,
    title = {{Introducci{\'{o}}n a la investigaci{\'{o}}n de operaciones}},
    year = {2010},
    author = {Hillier, Frederick S. and Lieberman, Gerald J.},
    edition = {9},
    publisher = {McGRAW-HILL},
    address = {M{\'{e}}xico},
    isbn = {978-607-15-0308-4}
}

@misc{CabreraGarcia2013IntroduccionYouTube,
    title = {{Introducci{\'{o}}n a la optimizaci{\'{o}}n UPV - YouTube}},
    year = {2013},
    author = {Cabrera Garc{\'{i}}a, Suitberto},
    publisher = {Universitat Polit{\`{e}}cnica de Val{\`{e}}ncia - UPV},
    url = {https://www.youtube.com/watch?v=xK2ksUK8k6s}
}

@book{Taha2004InvestigacionOperaciones,
    title = {{Investigaci{\'{o}}n de operaciones}},
    year = {2004},
    author = {Taha, Hamdy A.},
    edition = {7},
    pages = {848},
    publisher = { Pearson Educaci{\'{o}}n de M{\'{e}}xico},
    url = {https://vagosuatfis.files.wordpress.com/2012/07/thaja-investigacion-de-operaciones-by-k9.pdf},
    address = {M{\'{e}}xico},
    isbn = {970-26-0498-2}
}

@book{RinconAbril2001InvestigacionEmpresas,
    title = {{Investigaci{\'{o}}n de operaciones para Ingenier{\'{i}}as y Administracion de Empresas}},
    year = {2001},
    author = {Rinc{\'{o}}n Abril, Luis Alberto},
    publisher = {Universidad Nacional de Colombia},
    url = {http://www.uneditorial.net/uflip/Investigacion-de-operaciones-para-ingenierias-y-administracion-de-empresas/pubData/source/Investigacion-de-operaciones-para-ingenierias-y-administracion-de-empresas-OA.PDF},
    address = {Palmira},
    isbn = {958-8095-09-3}
}

@techreport{ITINERARY302,
    title = {{ITINERARY PERPARATION AND TOUR PACKAGING MTTM 302}}
}

@misc{LEY29408,
    title = {{LEY GENERAL DE TURISMO - LEY N{${}^\circ$} 29408}},
    publisher = {Ministerio de Comercio Exterior y Turismo (MINCETUR)},
    url = {http://apoturperu.org/wp-content/uploads/2014/11/LEY_GENERAL_DE_TURISMO_LEY29408.pdf}
}

@incollection{Osman1996Meta-Heuristics:Aplications,
    title = {{Meta-Heuristics: Theory {\&}amp; Aplications}},
    year = {1996},
    booktitle = {Meta-Heuristics},
    author = {Osman, Ibrahim H. and Kelly, James P.},
    isbn = {978-1-4612-8587-8},
    doi = {10.1007/978-1-4613-1361-8{\_}1}
}

@book{Zapfel2010MetaheuristicLogistics,
    title = {{Metaheuristic Search Concepts: A Tutorial with Applications to Production and Logistics}},
    year = {2010},
    author = {Z{\"{a}}pfel, Günther and Braune, Roland and B{\"{o}}gl, Michael},
    publisher = {Springer},
    isbn = {978-3-642-11342-0},
    doi = {10.1007/978-3-642-11343-7},
    keywords = {9783642113420, ISBN-13:}
}

@book{Lius2017MobilePlanning,
    title = {{Mobile Application Business Plan to Assist Travel Planning}},
    year = {2017},
    booktitle = {Information Management and Technology},
    author = {Lius, Steven and Sanjaya, Johan},
    isbn = {9781538629307},
    keywords = {Business, Mobile Application, Planning, Tourism, Travel}
}

@book{Williams2013ModelProgramming,
    title = {{Model Building in Mathematical Programming}},
    year = {2013},
    author = {Williams, H. Paul},
    edition = {5},
    publisher = {John Wiley},
    isbn = {978-1-118-44333-0}
}

@misc{Ramos2010ModelosOptimizacion,
    title = {{Modelos matem{\'{a}}ticos de optimizaci{\'{o}}n}},
    year = {2010},
    author = {Ramos, Andrés and S{\'{a}}nchez, Pedro and Ferrer, José María and Barqu{\'{i}}n, Julián and Linares, Pedro},
    publisher = {Universidad Pontificia Comillas ICAI-ICADE},
    url = {https://www.gams.com/fileadmin/community/contrib/doc/modelado_en_gams.pdf},
    address = {Madrid}
}

@book{Ehrgott2005MulticriteriaOptimization,
    title = {{Multicriteria Optimization}},
    year = {2005},
    author = {Ehrgott, Matthias},
    edition = {2},
    publisher = {Springer},
    isbn = {3-540-21398-8}
}

@book{Branke2008MultiobjectiveApproaches,
    title = {{Multiobjective Optimization Interactive and Evolutionary Approaches}},
    year = {2008},
    author = {Branke, Jürgen and Deb, Kalyanmoy and Miettinen, Kaisa and S{\l}owinski, Roman},
    publisher = {Springer},
    isbn = {3-540-88907-8}
}

@book{Collette2003MultiobjectiveStudies,
    title = {{Multiobjective Optimization Principles and Case Studies}},
    year = {2003},
    author = {Collette, Yann and Siarry, Patrick},
    edition = {2},
    publisher = {Springer},
    isbn = {978-3-642-07283-3},
    doi = {10.1007/978-3-642-07283-3}
}

@article{Silva2018OptimizationItineraries,
    title = {{Optimization approaches to support the planning and analysis of travel itineraries}},
    year = {2018},
    journal = {Expert Systems with Applications},
    author = {Silva, Admilson Alcântara da and Morabito, Reinaldo and Pureza, Vitória},
    doi = {10.1016/j.eswa.2018.06.045},
    keywords = {Mixed integer programming, Multivariate statistical analysis, Profitable tour problem, Tabu search, Tourism activities, Travel itinerary optimization, Traveling salesman problem with priority prizes}
}

@misc{WrightOptimizationMathematics,
    title = {{Optimization mathematics}},
    author = {Wright, Stephen J.},
    url = {https://www.britannica.com/science/optimization}
}

@article{PDRC2013,
    title = {{PDRC Octubre 2013}}
}

@techreport{2017PerfilExtranjero,
    title = {{Perfil del Turista Extranjero}},
    year = {2017},
    url = {https://www.promperu.gob.pe/TurismoIN/EstadisticasEnLinea/ExplorePTE/},
    institution = {Comisi{\'{o}}n de Promoci{\'{o}}n del Per{\'{u}} para la Exportaci{\'{o}}n y el Turismo (PROMPER{\'{U}})}
}

@techreport{2017PerfilExtranjerob,
    title = {{Perfil del Turista Extranjero}},
    year = {2017},
    url = {https://www.promperu.gob.pe/TurismoIN/sitio/VisorDocumentos?titulo=Perfil%20del%20Turista%20Extranjero%202017&url=~/Uploads/perfiles_extranjeros/40/PTEConsolidado2017.pdf&nombObjeto=PerfTuristaExt&back=/TurismoIN/sitio/PerfTuristaExt&issuuid=},
    institution = {Comisi{\'{o}}n de Promoci{\'{o}}n del Per{\'{u}} para laExportaci{\'{o}}n y el Turismo (PROMPER{\'{U}})}
}

@techreport{2017Perfil2017,
    title = {{Perfil del Turista Extranjero que visita Puno - 2017}},
    year = {2017},
    url = {https://www.promperu.gob.pe/turismoin/Uploads/perfiles_extranjeros/40/tips/2562/PTE2017VisitaPuno.pdf},
    institution = {Comisi{\'{o}}n de Promoci{\'{o}}n del Per{\'{u}} para la Exportaci{\'{o}}n y el Turismo (PROMPER{\'{U}})}
}

@techreport{2017PerfilNacional,
    title = {{Perfil del Vacacionista Nacional}},
    year = {2017},
    url = {https://www.promperu.gob.pe/TurismoIN/EstadisticasEnLinea/ExplorePVN/},
    institution = {Comisi{\'{o}}n de Promoci{\'{o}}n del Per{\'{u}} para la Exportaci{\'{o}}n y el Turismo (PROMPER{\'{U}})}
}

@techreport{2017Perfil2017b,
    title = {{Perfil del Vacacionista Nacional que visita Puno - 2017}},
    year = {2017},
    url = {https://www.promperu.gob.pe/TurismoIN//Uploads/temp/Uploads_perfiles_vacac_nac_1039_tips_2215_PVN17VacacionistaQueVisitaPuno.pdf},
    institution = {Comisi{\'{o}}n de Promoci{\'{o}}n del Per{\'{u}} para la Exportaci{\'{o}}n y el Turismo (PROMPER{\'{U}})}
}

@inproceedings{Lim2017PersonalizedAwareness,
    title = {{Personalized Itinerary Recommendation with Queuing Time Awareness}},
    year = {2017},
    booktitle = {Proceedings of the 40th International ACM SIGIR Conference on Research and Development in Information Retrieval  - SIGIR '17},
    author = {Lim, Kwan Hui and Chan, Jeffrey and Karunasekera, Shanika and Leckie, Christopher},
    isbn = {9781450350228},
    doi = {10.1145/3077136.3080778}
}

@inproceedings{Lim2016PersonalizedPreferences,
    title = {{Personalized recommendation of travel itineraries based on tourist interests and preferences}},
    year = {2016},
    booktitle = {CEUR Workshop Proceedings},
    author = {Lim, Kwan Hui},
    issn = {16130073},
    keywords = {Group Recommendations, Personalization, Tour Recommendations, Trip Planning, User Interests}
}

@techreport{2018PlanModificado,
    title = {{Plan Estrategico Institucional 2018-2020 modificado}},
    year = {2018},
    institution = {Gobierno Regional de Puno}
}

@techreport{2015PlanPENTUR,
    title = {{Plan Estrat{\'{e}}gico Nacional de Turismo 2025 (PENTUR)}},
    year = {2015},
    url = {https://www.mincetur.gob.pe/wp-content/uploads/documentos/turismo/documentos/PENTUR/PENTUR_Final_JULIO2016.pdf},
    institution = { Ministerio de Comercio Exterior y Turismo del Per{\'{u}} (MINCETUR)}
}

@techreport{2011PlanPERTUR,
    title = {{Plan Estrat{\'{e}}gico Regional de Turismo Puno 2021 (PERTUR)}},
    year = {2011},
    url = {http://www.regionpuno.gob.pe/descargas/planes/2013-plan-estrategico-institucional-turismo-pertur-al-2021.pdf},
    institution = {Gobierno Regional Puno}
}

@book{RodriguezDiazPlanificandoMulticriterio,
    title = {{Planificando un viaje personalizado: Aplicaci{\'{o}}n de un enfoque Multicriterio}},
    author = {Rodr{\'{i}}guez D{\'{i}}az, Beatriz},
    publisher = {Universidad de M{\'{a}}laga},
    url = {http://cuadernos.uma.es/pdfs/papeles57.pdf}
}

@techreport{2015POIPuno,
    title = {{POI 2016 Direccion Regional de Comercio Exterior y Turismo Puno}},
    year = {2015},
    institution = {DIRCETUR},
    address = {Puno}
}

@techreport{MartiProcedimientosCombinatoria,
    title = {{Procedimientos Metaheur{\'{i}}sticos en Optimizaci{\'{o}}n Combinatoria}},
    author = {Mart{\'{i}}, Rafael},
    institution = {Universidad de Valencia}
}

@article{QIU_JITravels,
    title = {{QIU{\_}JI - Constraints of travels}}
}

@misc{SearchIntelligence,
    title = {{Search Algorithms in Artificial Intelligence}},
    booktitle = {Hacker Noon},
    url = {https://hackernoon.com/search-algorithms-in-artificial-intelligence-8d32c12f6bea}
}

@misc{2018SearchTechniques,
    title = {{Search techniques}},
    year = {2018},
    booktitle = {Wikiversity},
    url = {https://en.wikiversity.org/wiki/Search_techniques}
}

@article{RodriguezDiaz2012SistemaPersonalizado,
    title = {{Sistema de ayuda al turista: Modelo para la planificaci{\'{o}}n de un viaje personalizado}},
    year = {2012},
    journal = {Estudios y Perspectivas en Turismo},
    author = {Rodr{\'{i}}guez D{\'{i}}az, Beatriz and Caballero Fern{\'{a}}ndez, Rafael},
    number = {1},
    pages = {108--125},
    volume = {21}
}

@article{Sylejmani2011SolvingApproach,
    title = {{Solving touristic trip planning problem by using taboo search approach}},
    year = {2011},
    journal = {IJCSI International Journal of Computer Science Issue},
    author = {Sylejmani, Kadri and Dika, Agni},
    number = {5},
    volume = {8},
    keywords = {Delete, Insert, Swap, optimization, planning, point of interest}
}

@article{SuwannarongsriSolvingTechniques,
    title = {{Solving Traveling Salesman Problems via Artificial Intelligent Search Techniques}},
    journal = {Recent Researches in Artificial Intelligence and Database Management},
    author = {Suwannarongsri, Supaporn and Puangdownreong, Deacha},
    isbn = {978-1-61804-068-8},
    keywords = {Adaptive Tabu Search, Genetic Algorithm, Key-Words:-Traveling Salesman Problem, Tabu Search}
}

@article{Li2016TravelProblem,
    title = {{Travel itinerary problem}},
    year = {2016},
    journal = {Transportation Research Part B: Methodological},
    author = {Li, Xiang and Zhou, Jiandong and Zhao, Xiande},
    doi = {10.1016/j.trb.2016.05.013},
    issn = {01912615},
    keywords = {Implicit enumeration algorithm, Smart travel, Travel itinerary problem}
}

@inproceedings{Taylor2018TravelPoints-of-Interest,
    title = {{Travel Itinerary Recommendations with Must-see Points-of-Interest}},
    year = {2018},
    booktitle = {Companion of the The Web Conference 2018 on The Web Conference 2018  - WWW '18},
    author = {Taylor, Kendall and Lim, Kwan Hui and Chan, Jeffrey},
    isbn = {9781450356404},
    doi = {10.1145/3184558.3191558}
}

@misc{TurismoPuno,
    title = {{Turismo en Puno}},
    url = {http://punoperu.origenandino.com/}
}

@misc{deCabezonIrigaray2017QueYouTube,
    title = {{¿Qu{\'{e}} es eso del problema P versus NP? - YouTube}},
    year = {2017},
    author = {de Cabez{\'{o}}n Irigaray, Eduardo Sáenz},
    publisher = {Derivando},
    url = {https://www.youtube.com/watch?v=UR2oDYZ-Sao}
}

@misc{Mauttone2014QueYouTube,
    title = {{¿Qu{\'{e}} es la Investigaci{\'{o}}n de Operaciones? - YouTube}},
    year = {2014},
    author = {Mauttone, Antonio and Urquart, Maria E.},
    publisher = {PEDECIBA25},
    url = {https://www.youtube.com/watch?time_continue=68&v=pMjOy9catNI}
}