Automatically generated by Mendeley Desktop 1.17.13
Any changes to this file will be lost if it is regenerated by Mendeley.

BibTeX export options can be customized via Options -> BibTeX in Mendeley Desktop

@article{Bertacchi2017,
author = {Bertacchi, Marcello and Silveira, Ismar and Omar, Nizam},
doi = {10.1109/WVC.2017.00028},
file = {:home/concytec/.local/share/data/Mendeley Ltd./Mendeley Desktop/Downloaded/Bertacchi, Silveira, Omar - 2017 - A Comparative Analysis of the Evolution of the IBM Watson's Visual Recognition API on Android.pdf:pdf},
isbn = {978-1-5386-1451-8},
journal = {2017 Workshop of Computer Vision (WVC)},
pages = {120--125},
title = {{A Comparative Analysis of the Evolution of the IBM Watson's Visual Recognition API on Android}},
url = {http://ieeexplore.ieee.org/document/8278090/},
year = {2017}
}
@article{SuarezPino2011,
author = {{Su{\'{a}}rez Pino}, Jos{\'{e}} Antonio},
file = {:home/concytec/Documentos/suarez{\_}pj.pdf:pdf},
title = {{Desarrollo De Un Sistema Basado En La Visi{\'{o}}n Artificial Para El Reconocimiento De Placas Vehiculares}},
year = {2011}
}
@article{ContrerasRojas2015,
author = {{Contreras Rojas}, Javier Stevenson and {De la Rosa Rosero}, Mario Fernando},
file = {:home/concytec/.local/share/data/Mendeley Ltd./Mendeley Desktop/Downloaded/Contreras Rojas, De la Rosa Rosero - 2015 - Aplicaci{\'{o}}n de Deep Learning en rob{\'{o}}tica m{\'{o}}vil para exploraci{\'{o}}n y reconocimiento de obje.pdf:pdf},
isbn = {9781509029662},
keywords = {aprendizaje de m{\'{a}}quina,deep learning,el tema de estudio,en este art{\'{i}}culo consiste,en rob{\'{o}}tica,en utilizar deep,machine learning,navegaci{\'{o}}n,neuronal,procesamiento de im{\'{a}}genes,red,rob{\'{o}}tica m{\'{o}}vil},
title = {{Aplicaci{\'{o}}n de Deep Learning en rob{\'{o}}tica m{\'{o}}vil para exploraci{\'{o}}n y reconocimiento de objetos basados en im{\'{a}}genes}},
url = {https://biblioteca.uniandes.edu.co/visor{\_}de{\_}tesis/web/?SessionID=L1Rlc2lzMjAxNjk5LzgxNTQucGRm},
year = {2015}
}
@article{Arista-Jalife2017,
abstract = {* Autor a quien debe dirigirse la correspondencia Recibido Nov. 11, 2016; Aceptado Ene. 12, 2017; Versi{\'{o}}n final Feb. 6, 2017, Publicado Jun. 2017 Resumen En este art{\'{i}}culo se presenta una comparaci{\'{o}}n entre diferentes algoritmos de descripci{\'{o}}n de texturas de bajo nivel acoplados con una m{\'{a}}quina de soporte vectorial versus el algoritmo de aprendizaje profundo, en la tarea de reconocimiento y clasificaci{\'{o}}n de im{\'{a}}genes a{\'{e}}reas. Para dicha tarea, una base de datos de 1,200 im{\'{a}}genes es utilizada para realizar los entrenamientos supervisados. El objetivo consiste en clasificar las im{\'{a}}genes en seis categor{\'{i}}as com{\'{u}}nmente encontradas en zonas urbanas, de tal manera que pueda ser utilizado en cualquier parte del mundo. Los resultados arrojan que con 150 muestras de cada clase, el algoritmo de aprendizaje profundo es capaz de clasificar im{\'{a}}genes de avenidas, edificios, industrias, zonas naturales, zonas residenciales y cuerpos de agua, con un 87{\%} de exactitud. Los resultados experimentales presentados muestran que las im{\'{a}}genes etiquetadas como edificios e industrias son las m{\'{a}}s complejas de discernir entre ellas, tanto para descriptores de bajo nivel como para las t{\'{e}}cnicas de aprendizaje profundo. Palabras clave: aprendizaje profundo; m{\'{a}}quina de soporte vectorial; im{\'{a}}genes a{\'{e}}reas; descriptores de texturas; base de datos},
author = {Arista-Jalife, Antonio and Calder{\'{o}}n-Auza, Gustavo and Fierro-Radilla, Atoany and Nakano, Mariko},
doi = {10.4067/S0718-07642017000300021},
file = {:home/concytec/.local/share/data/Mendeley Ltd./Mendeley Desktop/Downloaded/Arista-Jalife et al. - 2017 - Clasificaci{\'{o}}n de im{\'{a}}genes urbanas a{\'{e}}reas Comparaci{\'{o}}n entre descriptores de bajo nivel y aprendizaje pr.pdf:pdf},
issn = {07180764},
journal = {Informacion Tecnologica},
keywords = {Aerial images,Database,Deep learning,Support vector machine,Texture descriptors},
number = {3},
pages = {209--224},
title = {{Clasificaci{\'{o}}n de im{\'{a}}genes urbanas a{\'{e}}reas: Comparaci{\'{o}}n entre descriptores de bajo nivel y aprendizaje profundo}},
volume = {28},
year = {2017}
}
