Automatically generated by Mendeley Desktop 1.17.13
Any changes to this file will be lost if it is regenerated by Mendeley.

BibTeX export options can be customized via Options -> BibTeX in Mendeley Desktop

@article{Villagrab,
author = {Villagra, Andrea and Pandolfi, Daniel and Leguizam, Guillermo},
file = {:home/concytec/.local/share/data/Mendeley Ltd./Mendeley Desktop/Downloaded/Villagra, Pandolfi, Leguizam - Unknown - Hibridizaci ´ on de K-Means a trav ´ es de T ´ ecnicas Metaheur ´ ısticas.pdf:pdf},
title = {{Hibridizaci ´ on de K-Means a trav ´ es de T ´ ecnicas Metaheur ´ ısticas}}
}
@article{Vicente2005b,
author = {Vicente, Erick and Rivera, Luis and Mauricio, David},
file = {:home/concytec/.local/share/data/Mendeley Ltd./Mendeley Desktop/Downloaded/Vicente, Rivera, Mauricio - 2005 - Grasp en la resoluci{\'{o}}n del problema de clustering.pdf:pdf},
keywords = {clasificaci{\'{o}}n,clustering,grasp,k-means,meta heur{\'{i}}stica},
number = {2},
pages = {16--25},
title = {{Grasp en la resoluci{\'{o}}n del problema de clustering}},
volume = {25},
year = {2005}
}
@article{Vidal2013b,
author = {Vidal, Aitana},
file = {:home/concytec/.local/share/data/Mendeley Ltd./Mendeley Desktop/Downloaded/Vidal - 2013 - Algoritmos Heuristicos en Optimizacion.pdf:pdf},
pages = {94},
title = {{Algoritmos Heuristicos en Optimizacion}},
year = {2013}
}
@article{RiojasCanari2005b,
author = {{Riojas Ca{\~{n}}ari}, Alicia Cirila},
file = {:home/concytec/.local/share/data/Mendeley Ltd./Mendeley Desktop/Downloaded/Riojas Ca{\~{n}}ari - 2005 - Conceptos, algoritmo y aplicaci{\'{o}}n al problema de las N-Reinas.pdf:pdf},
pages = {85},
title = {{Conceptos, algoritmo y aplicaci{\'{o}}n al problema de las N-Reinas}},
year = {2005}
}
@article{Perez2007b,
abstract = {En este trabajo se propone una mejora al algoritmo heur{\'{i}}stico de agrupamiento (clustering) K- means y se muestran los resultados de su aplicaci{\'{o}}n a bases de datos poblacionales reales de c{\'{a}}ncer de M{\'{e}}xico. Los problemas de agrupamiento surgen en varios tipos de aplicaciones: miner{\'{i}}a de datos, aprendizaje de m{\'{a}}quina, descubrimiento de conoci- miento, compresi{\'{o}}n de datos y reconocimiento de patrones, entre otros. Uno de los m{\'{e}}todos m{\'{a}}s usados y estudiados es K-means, al cual se le han realizado varias mejoras, la mayor{\'{i}}a de {\'{e}}stas relacionadas con la definici{\'{o}}n de los par{\'{a}}metros iniciales. En contraste, en este trabajo se propone una mejora usando un nuevo criterio de convergencia que consiste en parar la ejecuci{\'{o}}n del algoritmo cuando se encuentra un {\'{o}}ptimo local, o bien cuando ya no se dan intercambios de objetos entre los grupos. Dicha mejora surge del an{\'{a}}lisis experimental del algoritmo cl{\'{a}}sico, el cual en algunas corridas y ejemplares de problemas pasaba de largo en {\'{o}}ptimos locales y converg{\'{i}}a en soluciones peores. Experimentalmente, el mostr{\'{o}} importantes reducciones en el algoritmo mejorado n{\'{u}}mero de iteraciones y en la calidad de la soluci{\'{o}}n. Debido a los resultados alentadores, se decidi{\'{o}} usarlo en una aplicaci{\'{o}}n real en el {\'{a}}rea de salud p{\'{u}}blica de M{\'{e}}xico, en particular en el problema de encontrar patrones de agrupamiento de municipios con afinidad en los par{\'{a}}metros de localizaci{\'{o}}n y tasas de mortalidad por c{\'{a}}ncer de pulm{\'{o}}n y est{\'{o}}mago. Como resultado de la aplicaci{\'{o}}n del algoritmo mejorado, se encontraron, para el c{\'{a}}ncer de pulm{\'{o}}n, grupos de municipios con altas tasas de mortalidad en la regi{\'{o}}n norte y noroeste. Para el c{\'{a}}ncer de est{\'{o}}mago se identific{\'{o}} un grupo muy conocido de alta mortalidad en la regi{\'{o}}n sureste (altos de Chiapas), el cual sirvi{\'{o}} para validar el enfoque de soluci{\'{o}}n. Por otra parte, se identific{\'{o}} otro grupo con una mayor tasa de mortalidad en la regi{\'{o}}n noroeste. Finalmente, por una parte, consideramos que la mejora al algoritmo puede ser de utilidad en muchos tipos de aplicaciones, y por otra, que los resultados obtenidos en la mencionada aplicaci{\'{o}}n pueden servir como una herramienta de apoyo para investigaciones sobre el c{\'{a}}ncer y para la toma de decisiones en cuanto a la asignaci{\'{o}}n de recursos tratamiento. para su prevenci{\'{o}}n y Palabras clave: optimizaci{\'{o}}n, algoritmos heur{\'{i}}sticos, agrupamiento, aplicaciones en artificial.},
archivePrefix = {arXiv},
arxivId = {arXiv:1505.0232},
author = {P{\'{e}}rez, Joaqu{\'{i}}n and Henriques, M. and Pazos, R. and Cruz, Laura and Reyes, Gerardo and Salinas, J. and Mexicano, Adriana},
doi = {10.1016/S0167-739X(97)00018-6},
eprint = {arXiv:1505.0232},
issn = {0167739X},
journal = {2do Taller Latino Iberoamericano de Investigacion de Operaciones "la IO aplicada a la soluci{\'{o}}n de problemas regionales"},
keywords = {agrupamiento,algoritmos heur{\'{i}}sticos,aplicaciones en salud,inteligencia,optimizaci{\'{o}}n},
number = {August 2015},
pages = {1--7},
pmid = {18186594},
title = {{Mejora al algoritmo de agrupamiento K-means mediante un nuevo criterio de convergencia y su aplicaci{\'{o}}n a bases de datos poblacionales de c{\'{a}}ncer}},
url = {http://www.tlaio.org.mx/DOCS/T2{\_}5{\_}A27iJPO.pdf},
volume = {13},
year = {2007}
}
@article{Luis2011b,
author = {Luis, Jos{\'{e}} and Reina, Ruiz},
file = {:home/concytec/.local/share/data/Mendeley Ltd./Mendeley Desktop/Downloaded/Luis, Reina - 2011 - Tema 6 B{\'{u}}squeda local y algoritmos gen{\'{e}}ticos {\'{I}}ndice Problemas de optimizaci{\'{o}}n B{\'{u}}squeda local B{\'{u}}squeda en es.pdf:pdf},
journal = {Inteligencia Artificial},
title = {{Tema 6 : B{\'{u}}squeda local y algoritmos gen{\'{e}}ticos {\'{I}}ndice Problemas de optimizaci{\'{o}}n B{\'{u}}squeda local B{\'{u}}squeda en escalada Enfriamiento simulado Algoritmos gen{\'{e}}ticos}},
year = {2011}
}
@article{Inicializacionb,
author = {Inicializaci{\'{o}}n, C O N Heur{\'{i}}stica D E and System, Ant and Tab{\'{u}}, Lista and Viajante, Cajero},
file = {:home/concytec/.local/share/data/Mendeley Ltd./Mendeley Desktop/Downloaded/Inicializaci{\'{o}}n et al. - Unknown - Resumen Palabras claves.pdf:pdf},
title = {{Resumen Palabras claves}}
}
@article{Ceruso2016b,
author = {Ceruso, Sabato and Laguna, La},
file = {:home/concytec/.local/share/data/Mendeley Ltd./Mendeley Desktop/Downloaded/Ceruso, Laguna - 2016 - Trabajo de Fin de Grado Biblioteca Java para algoritmos heur ´ ısticos en optimizaci ´ on matem ´ atica.pdf:pdf},
title = {{Trabajo de Fin de Grado Biblioteca Java para algoritmos heur ´ ısticos en optimizaci ´ on matem ´ atica}},
year = {2016}
}
@article{Hidalgob,
author = {Hidalgo, Miguel and Estrada, Hugo and Mexicano, Adriana},
file = {:home/concytec/.local/share/data/Mendeley Ltd./Mendeley Desktop/Downloaded/Hidalgo, Estrada, Mexicano - Unknown - ıstica orientada a la reducci ´ on de su complejidad computacional.pdf:pdf;:home/concytec/.local/share/data/Mendeley Ltd./Mendeley Desktop/Downloaded/Hidalgo, Estrada, Mexicano - Unknown - ıstica orientada a la reducci ´ on de su complejidad computacional(2).pdf:pdf},
title = {ıstica orientada a la reducci ´ on de su complejidad computacional}
}
@article{Canari2005b,
author = {Ca{\~{n}}ari, Alicia Rioja},
file = {:home/concytec/.local/share/data/Mendeley Ltd./Mendeley Desktop/Downloaded/Ca{\~{n}}ari - 2005 - Conceptos , algoritmo y aplicaci{\'{o}}n al problema de las N – reinas(5).pdf:pdf;:home/concytec/.local/share/data/Mendeley Ltd./Mendeley Desktop/Downloaded/Ca{\~{n}}ari - 2005 - Conceptos , algoritmo y aplicaci{\'{o}}n al problema de las N – reinas(3).pdf:pdf;:home/concytec/.local/share/data/Mendeley Ltd./Mendeley Desktop/Downloaded/Ca{\~{n}}ari - 2005 - Conceptos , algoritmo y aplicaci{\'{o}}n al problema de las N – reinas.pdf:pdf;:home/concytec/.local/share/data/Mendeley Ltd./Mendeley Desktop/Downloaded/Ca{\~{n}}ari - 2005 - Conceptos , algoritmo y aplicaci{\'{o}}n al problema de las N – reinas(2).pdf:pdf;:home/concytec/.local/share/data/Mendeley Ltd./Mendeley Desktop/Downloaded/Ca{\~{n}}ari - 2005 - Conceptos , algoritmo y aplicaci{\'{o}}n al problema de las N – reinas(4).pdf:pdf},
title = {{Conceptos , algoritmo y aplicaci{\'{o}}n al problema de las N – reinas}},
year = {2005}
}
@article{Garcia2006b,
abstract = {En el siguiente trabajo, vamos a tratar el tema del aprendiza-je. En primer lugar definiremos este concepto y veremos los tipos de aprendizaje que existen y las clasificaciones que den-tro de este se pueden realizar. A continuaci{\'{o}}n analizaremos mas profundamente el aprendizaje inductivo, explicando me-diante conceptos te{\'{o}}ricos y ejemplos las caracter{\'{i}}sticas fun-damentales del aprendizaje inductivo supervisado (K-NN) y aprendizaje inductivo no supervisado (K-MEANS).},
author = {Garc{\'{i}}a, Cristina and G{\'{o}}mez, Irene},
file = {:home/concytec/.local/share/data/Mendeley Ltd./Mendeley Desktop/Downloaded/Garc{\'{i}}a, G{\'{o}}mez - 2006 - Algoritmos de aprendizaje knn {\&} kmeans.pdf:pdf},
journal = {Universidad Carlos III de Madrid},
pages = {1--8},
title = {{Algoritmos de aprendizaje: knn {\&} kmeans}},
url = {http://www.it.uc3m.es/jvillena/irc/practicas/08-09/06.pdf},
year = {2006}
}
