Automatically generated by Mendeley Desktop 1.17.13
Any changes to this file will be lost if it is regenerated by Mendeley.

BibTeX export options can be customized via Options -> BibTeX in Mendeley Desktop

@phdthesis{Pa2016e,
author = {Pa, Richer and Aplicadas, Ciencias},
file = {:home/concytec/.local/share/data/Mendeley Ltd./Mendeley Desktop/Downloaded/Pa, Aplicadas - 2016 - Propuesta de la plataforma de big data orientado al sector tur{\'{i}}stico.pdf:pdf},
title = {{Propuesta de la plataforma de big data orientado al sector tur{\'{i}}stico}},
year = {2016}
}
