Automatically generated by Mendeley Desktop 1.17.13
Any changes to this file will be lost if it is regenerated by Mendeley.

BibTeX export options can be customized via Options -> BibTeX in Mendeley Desktop

@article{Nacionales2015a,
author = {Nacionales, Cuentas},
file = {:home/concytec/.local/share/data/Mendeley Ltd./Mendeley Desktop/Downloaded/Nacionales - 2015 - Encuesta de Opini{\'{o}}n Actitud y Motivaci{\'{o}}n a Extranjeros No Residentes 2015.pdf:pdf},
title = {{Encuesta de Opini{\'{o}}n Actitud y Motivaci{\'{o}}n a Extranjeros No Residentes 2015}},
year = {2015}
}
@phdthesis{Sanchez2017f,
author = {S{\'{a}}nchez, Cynthia Nicole},
file = {:home/concytec/.local/share/data/Mendeley Ltd./Mendeley Desktop/Downloaded/S{\'{a}}nchez - 2017 - APLICACI{\'{O}}N DE LA T{\'{E}}CNICA ESTAD{\'{I}}STICA CL{\'{U}}STER K-MEDIAS PARA LA SEGMENTACI{\'{O}}N ORIENTADA A COMPRENDER LAS NECESIDADES.pdf:pdf},
pages = {90},
title = {{APLICACI{\'{O}}N DE LA T{\'{E}}CNICA ESTAD{\'{I}}STICA CL{\'{U}}STER K-MEDIAS PARA LA SEGMENTACI{\'{O}}N ORIENTADA A COMPRENDER LAS NECESIDADES DE FINANCIAMIENTO DE CLIENTES DE UNA ENTIDAD FINANCIERA}},
url = {http://repositorio.upn.edu.pe/handle/11537/10120},
year = {2017}
}
@phdthesis{Tapias2014d,
author = {Tapias, KA Morelo and Marrugo, PD Puello},
file = {:home/concytec/.local/share/data/Mendeley Ltd./Mendeley Desktop/Downloaded/Tapias, Marrugo - 2014 - Sistema para la caracterizaci{\'{o}}n de perfiles de clientes de la empresa zona T.pdf:pdf},
title = {{Sistema para la caracterizaci{\'{o}}n de perfiles de clientes de la empresa zona T}},
url = {http://190.25.234.130:8080/jspui/handle/11227/741},
year = {2014}
}
@article{ChambaJimenez2015a,
author = {{Chamba Jim{\'{e}}nez}, Sairy},
file = {:home/concytec/.local/share/data/Mendeley Ltd./Mendeley Desktop/Downloaded/Chamba Jim{\'{e}}nez - 2015 - Miner{\'{i}}a de Datos para segmentaci{\'{o}}n de clientes en la empresa tecnol{\'{o}}gica Master PC.pdf:pdf},
pages = {184},
title = {{Miner{\'{i}}a de Datos para segmentaci{\'{o}}n de clientes en la empresa tecnol{\'{o}}gica Master PC}},
year = {2015}
}
@article{Caceres2016a,
author = {C{\'{a}}ceres, Javier Hern{\'{a}}ndez},
file = {:home/concytec/.local/share/data/Mendeley Ltd./Mendeley Desktop/Downloaded/C{\'{a}}ceres - 2016 - Clustering technique based on k- means algorithm for the identification of clusters of surgical patients.pdf:pdf},
journal = {Universidad Santo Tom{\'{a}}s, seccional Bucaramanga},
keywords = {care,clustering,clustering technique,crisp-dm,data mining,data mining in health,k-,means,miner{\'{i}}a de datos en,palabras claves,salud},
pages = {1--8},
title = {{Clustering technique based on k- means algorithm for the identification of clusters of surgical patients}},
year = {2016}
}
@article{Chaparro2016d,
author = {Chaparro, Alicia and Gonz{\'{a}}lez, Coral and Caso, Joaqu{\'{i}}n},
doi = {1607-4041},
file = {:home/concytec/.local/share/data/Mendeley Ltd./Mendeley Desktop/Downloaded/Chaparro, Gonz{\'{a}}lez, Caso - 2016 - Familia y rendimiento acad{\'{e}}mico configuraci{\'{o}}n de perfiles estudiantiles en secundaria Family and A.pdf:pdf},
issn = {1607-4041},
journal = {Revista Electr{\'{o}}nica de Investigaci{\'{o}}n Educativa},
keywords = {ense{\~{n}}anza secundaria,familia,perfil del alumno,rendimiento},
number = {1},
title = {{Familia y rendimiento acad{\'{e}}mico : configuraci{\'{o}}n de perfiles estudiantiles en secundaria Family and Academic Performance : Identifying High School Student Profiles}},
volume = {18},
year = {2016}
}
@article{LajoSalazarJulianJavier2016a,
author = {{Lajo Salazar Julian Javier}},
file = {:home/concytec/.local/share/data/Mendeley Ltd./Mendeley Desktop/Downloaded/Lajo Salazar Julian Javier - 2016 - “An{\'{a}}lisis De Preferencia De Servicios De Telefon{\'{i}}a M{\'{o}}vil Para Segmentar a Los Clientes Que Us.pdf:pdf},
journal = {Universidad Nacional Agraria La Molina},
title = {{“An{\'{a}}lisis De Preferencia De Servicios De Telefon{\'{i}}a M{\'{o}}vil Para Segmentar a Los Clientes Que Usan Smartphone”}},
year = {2016}
}
