Automatically generated by Mendeley Desktop 1.17.13
Any changes to this file will be lost if it is regenerated by Mendeley.

BibTeX export options can be customized via Options -> BibTeX in Mendeley Desktop

@article{Villagrab,
author = {Villagra, Andrea and Pandolfi, Daniel and Leguizam, Guillermo},
file = {:home/concytec/.local/share/data/Mendeley Ltd./Mendeley Desktop/Downloaded/Villagra, Pandolfi, Leguizam - Unknown - Hibridizaci ´ on de K-Means a trav ´ es de T ´ ecnicas Metaheur ´ ısticas.pdf:pdf},
title = {{Hibridizaci ´ on de K-Means a trav ´ es de T ´ ecnicas Metaheur ´ ısticas}}
}
@article{Vicente2005b,
author = {Vicente, Erick and Rivera, Luis and Mauricio, David},
file = {:home/concytec/.local/share/data/Mendeley Ltd./Mendeley Desktop/Downloaded/Vicente, Rivera, Mauricio - 2005 - Grasp en la resoluci{\'{o}}n del problema de clustering.pdf:pdf},
keywords = {clasificaci{\'{o}}n,clustering,grasp,k-means,meta heur{\'{i}}stica},
number = {2},
pages = {16--25},
title = {{Grasp en la resoluci{\'{o}}n del problema de clustering}},
volume = {25},
year = {2005}
}
@article{Vidal2013b,
author = {Vidal, Aitana},
file = {:home/concytec/.local/share/data/Mendeley Ltd./Mendeley Desktop/Downloaded/Vidal - 2013 - Algoritmos Heuristicos en Optimizacion.pdf:pdf},
pages = {94},
title = {{Algoritmos Heuristicos en Optimizacion}},
year = {2013}
}
@article{RiojasCanari2005b,
author = {{Riojas Ca{\~{n}}ari}, Alicia Cirila},
file = {:home/concytec/.local/share/data/Mendeley Ltd./Mendeley Desktop/Downloaded/Riojas Ca{\~{n}}ari - 2005 - Conceptos, algoritmo y aplicaci{\'{o}}n al problema de las N-Reinas.pdf:pdf},
pages = {85},
title = {{Conceptos, algoritmo y aplicaci{\'{o}}n al problema de las N-Reinas}},
year = {2005}
}
@article{Perez2007b,
abstract = {En este trabajo se propone una mejora al algoritmo heur{\'{i}}stico de agrupamiento (clustering) K- means y se muestran los resultados de su aplicaci{\'{o}}n a bases de datos poblacionales reales de c{\'{a}}ncer de M{\'{e}}xico. Los problemas de agrupamiento surgen en varios tipos de aplicaciones: miner{\'{i}}a de datos, aprendizaje de m{\'{a}}quina, descubrimiento de conoci- miento, compresi{\'{o}}n de datos y reconocimiento de patrones, entre otros. Uno de los m{\'{e}}todos m{\'{a}}s usados y estudiados es K-means, al cual se le han realizado varias mejoras, la mayor{\'{i}}a de {\'{e}}stas relacionadas con la definici{\'{o}}n de los par{\'{a}}metros iniciales. En contraste, en este trabajo se propone una mejora usando un nuevo criterio de convergencia que consiste en parar la ejecuci{\'{o}}n del algoritmo cuando se encuentra un {\'{o}}ptimo local, o bien cuando ya no se dan intercambios de objetos entre los grupos. Dicha mejora surge del an{\'{a}}lisis experimental del algoritmo cl{\'{a}}sico, el cual en algunas corridas y ejemplares de problemas pasaba de largo en {\'{o}}ptimos locales y converg{\'{i}}a en soluciones peores. Experimentalmente, el mostr{\'{o}} importantes reducciones en el algoritmo mejorado n{\'{u}}mero de iteraciones y en la calidad de la soluci{\'{o}}n. Debido a los resultados alentadores, se decidi{\'{o}} usarlo en una aplicaci{\'{o}}n real en el {\'{a}}rea de salud p{\'{u}}blica de M{\'{e}}xico, en particular en el problema de encontrar patrones de agrupamiento de municipios con afinidad en los par{\'{a}}metros de localizaci{\'{o}}n y tasas de mortalidad por c{\'{a}}ncer de pulm{\'{o}}n y est{\'{o}}mago. Como resultado de la aplicaci{\'{o}}n del algoritmo mejorado, se encontraron, para el c{\'{a}}ncer de pulm{\'{o}}n, grupos de municipios con altas tasas de mortalidad en la regi{\'{o}}n norte y noroeste. Para el c{\'{a}}ncer de est{\'{o}}mago se identific{\'{o}} un grupo muy conocido de alta mortalidad en la regi{\'{o}}n sureste (altos de Chiapas), el cual sirvi{\'{o}} para validar el enfoque de soluci{\'{o}}n. Por otra parte, se identific{\'{o}} otro grupo con una mayor tasa de mortalidad en la regi{\'{o}}n noroeste. Finalmente, por una parte, consideramos que la mejora al algoritmo puede ser de utilidad en muchos tipos de aplicaciones, y por otra, que los resultados obtenidos en la mencionada aplicaci{\'{o}}n pueden servir como una herramienta de apoyo para investigaciones sobre el c{\'{a}}ncer y para la toma de decisiones en cuanto a la asignaci{\'{o}}n de recursos tratamiento. para su prevenci{\'{o}}n y Palabras clave: optimizaci{\'{o}}n, algoritmos heur{\'{i}}sticos, agrupamiento, aplicaciones en artificial.},
archivePrefix = {arXiv},
arxivId = {arXiv:1505.0232},
author = {P{\'{e}}rez, Joaqu{\'{i}}n and Henriques, M. and Pazos, R. and Cruz, Laura and Reyes, Gerardo and Salinas, J. and Mexicano, Adriana},
doi = {10.1016/S0167-739X(97)00018-6},
eprint = {arXiv:1505.0232},
issn = {0167739X},
journal = {2do Taller Latino Iberoamericano de Investigacion de Operaciones "la IO aplicada a la soluci{\'{o}}n de problemas regionales"},
keywords = {agrupamiento,algoritmos heur{\'{i}}sticos,aplicaciones en salud,inteligencia,optimizaci{\'{o}}n},
number = {August 2015},
pages = {1--7},
pmid = {18186594},
title = {{Mejora al algoritmo de agrupamiento K-means mediante un nuevo criterio de convergencia y su aplicaci{\'{o}}n a bases de datos poblacionales de c{\'{a}}ncer}},
url = {http://www.tlaio.org.mx/DOCS/T2{\_}5{\_}A27iJPO.pdf},
volume = {13},
year = {2007}
}
@article{Nacionales2015a,
author = {Nacionales, Cuentas},
file = {:home/concytec/.local/share/data/Mendeley Ltd./Mendeley Desktop/Downloaded/Nacionales - 2015 - Encuesta de Opini{\'{o}}n Actitud y Motivaci{\'{o}}n a Extranjeros No Residentes 2015.pdf:pdf},
title = {{Encuesta de Opini{\'{o}}n Actitud y Motivaci{\'{o}}n a Extranjeros No Residentes 2015}},
year = {2015}
}
@article{ChambaJimenez2015a,
author = {{Chamba Jim{\'{e}}nez}, Sairy},
file = {:home/concytec/.local/share/data/Mendeley Ltd./Mendeley Desktop/Downloaded/Chamba Jim{\'{e}}nez - 2015 - Miner{\'{i}}a de Datos para segmentaci{\'{o}}n de clientes en la empresa tecnol{\'{o}}gica Master PC.pdf:pdf},
pages = {184},
title = {{Miner{\'{i}}a de Datos para segmentaci{\'{o}}n de clientes en la empresa tecnol{\'{o}}gica Master PC}},
year = {2015}
}
@article{Ferreira2009c,
abstract = {In the present work, the authors want to illustrate the advantages of the combined use of the Conjoint Analysis and the Cluster Analysis in market segmentation. The benefits are easily understandable since the Conjoint Analysis allows researchers to know the structure of the consumer's preferences and the Cluster Analysis allows grouping those consumers by their preferences. So, with the enormous diversification that characterizes tourism, it doesn't make sense segmenting market with a priori procedures. It's preferable to carry out a post hoc segmentation in order to know more detailed and relevant information like tourists preferences (estimated with the Conjoint Analysis). This procedure creates a competitive advantage. Hence, segmenting markets based on the preferences of consumers allows researchers and professionals to better evaluate which the real preferences are (by clusters) and to better develop marketing strategies that better suit the consumers' preferences.},
author = {Ferreira, S{\'{e}}rgio Dominique and Rial, Antonio and Varela, Jes{\'{u}}s},
file = {:home/concytec/.local/share/data/Mendeley Ltd./Mendeley Desktop/Downloaded/Ferreira, Rial, Varela - 2009 - Post Hoc Tourist Segmentation with Conjoint and Cluster Analysis.pdf:pdf},
journal = {Pasos},
keywords = {clusters analysis,conjoint analysis,market segmentation,tourist preferences},
pages = {491--501},
title = {{Post Hoc Tourist Segmentation with Conjoint and Cluster Analysis}},
volume = {7},
year = {2009}
}
@article{Ramirez2014c,
abstract = {This work is the result of a partial investigation “Consumption dynamic,$\backslash$nanalysis of Villavicencio, Meta (Colombia) as a tourist destination” developed$\backslash$nas a partial requirement to opt for the title of Magister in Marketing of the$\backslash$nManizales University, by the two authors. It is presented a compilation$\backslash$nof diverse theories about the consumer behavior applied to tourism. The$\backslash$nmethodologies used during the investigation were qualitative and quantitative.$\backslash$nThere were hypothesis proposed, and the data collection of the 385 surveys$\backslash$nwas processed in SPSS version 18; for the descriptive analysis it was used$\backslash$nthe analysis function of the conglomerates in K-medias and the correlation of$\backslash$nSpearman. The quantitative analysis was developed through 18 structured$\backslash$ninterviews. For the fieldwork, the primary source was tourists from different$\backslash$nages that went to Villavicencio, Meta (Colombia) to whom were applied the$\backslash$ninstruments in specific events.},
author = {Ram{\'{i}}rez, Duv{\'{a}}n Emilio and Otero, Mar{\'{i}}a Cristina and Giraldo, Wilson},
file = {:home/concytec/.local/share/data/Mendeley Ltd./Mendeley Desktop/Downloaded/Ram{\'{i}}rez, Otero, Giraldo - 2014 - Comportamiento del Consumidor Tur{\'{i}}stico.pdf:pdf},
journal = {Criterio Libre},
keywords = {Keywords: consumer behavior,comportamiento del consumidor,destino tur{\'{i}}stico,marketing tur{\'{i}}stico.,producto tur{\'{i}}stico,tourism marketing.,tourist destination,tourist product},
pages = {166--183},
title = {{Comportamiento del Consumidor Tur{\'{i}}stico}},
year = {2014}
}
@article{Technique2016c,
author = {Technique, A Classification and Categorical, With},
file = {:home/concytec/.local/share/data/Mendeley Ltd./Mendeley Desktop/Downloaded/Technique, Categorical - 2016 - Una t{\'{e}}cnica de clasificaci{\'{o}}n con variables categ{\'{o}}ricas.pdf:pdf},
keywords = {conglomerado,disimilaridad,distancia,k -medias,k -modas},
number = {1},
pages = {15--20},
title = {{Una t{\'{e}}cnica de clasificaci{\'{o}}n con variables categ{\'{o}}ricas}},
volume = {7},
year = {2016}
}
@phdthesis{Sanchez2017f,
author = {S{\'{a}}nchez, Cynthia Nicole},
file = {:home/concytec/.local/share/data/Mendeley Ltd./Mendeley Desktop/Downloaded/S{\'{a}}nchez - 2017 - APLICACI{\'{O}}N DE LA T{\'{E}}CNICA ESTAD{\'{I}}STICA CL{\'{U}}STER K-MEDIAS PARA LA SEGMENTACI{\'{O}}N ORIENTADA A COMPRENDER LAS NECESIDADES.pdf:pdf},
pages = {90},
title = {{APLICACI{\'{O}}N DE LA T{\'{E}}CNICA ESTAD{\'{I}}STICA CL{\'{U}}STER K-MEDIAS PARA LA SEGMENTACI{\'{O}}N ORIENTADA A COMPRENDER LAS NECESIDADES DE FINANCIAMIENTO DE CLIENTES DE UNA ENTIDAD FINANCIERA}},
url = {http://repositorio.upn.edu.pe/handle/11537/10120},
year = {2017}
}
@article{Luis2011b,
author = {Luis, Jos{\'{e}} and Reina, Ruiz},
file = {:home/concytec/.local/share/data/Mendeley Ltd./Mendeley Desktop/Downloaded/Luis, Reina - 2011 - Tema 6 B{\'{u}}squeda local y algoritmos gen{\'{e}}ticos {\'{I}}ndice Problemas de optimizaci{\'{o}}n B{\'{u}}squeda local B{\'{u}}squeda en es.pdf:pdf},
journal = {Inteligencia Artificial},
title = {{Tema 6 : B{\'{u}}squeda local y algoritmos gen{\'{e}}ticos {\'{I}}ndice Problemas de optimizaci{\'{o}}n B{\'{u}}squeda local B{\'{u}}squeda en escalada Enfriamiento simulado Algoritmos gen{\'{e}}ticos}},
year = {2011}
}
@article{Mamani2015c,
abstract = {En el presente trabajo de investigaci{\'{o}}n, tuvo como objetivo evaluar la influencia del germinado y cocci{\'{o}}n h{\'{u}}meda en compuestos bioactivos de dos accesiones de ca{\~{n}}ihua (Chenopodium pallidicaule Aellen). Para lo cual el grano de ca{\~{n}}ihua fue sometido a un acondicionamiento antes de la evaluaci{\'{o}}n, que consisti{\'{o}} en las operaciones de limpieza y selecci{\'{o}}n (eliminaci{\'{o}}n de impurezas) obteni{\'{e}}ndose as{\'{i}} para el germinado a 72 y 96 horas, luego se realiz{\'{o}} el proceso de cocci{\'{o}}n h{\'{u}}meda a temperaturas de 65 y 85°C a presi{\'{o}}n atmosf{\'{e}}rica. De los an{\'{a}}lisis realizados, para el grano de ca{\~{n}}ihua germinada se muestra un mayor incremento a 72 horas en compuestos fen{\'{o}}licos con un valor de 95.29 mg. {\'{a}}cido g{\'{a}}lico/100 g de materia seca, mientras que la capacidad antioxidante incremento a 96 horas con un de valor de 181.84 µmol. Trolox eq/g de materia seca, mostrando mejores resultados la accesi{\'{o}}n PIK 030133 y la composici{\'{o}}n proximal son variables, resaltando que el contenido proteico aumenta durante el proceso de germinaci{\'{o}}n a medida que el tiempo incrementa. Para la ca{\~{n}}ihua procesada (germinada y cocida), se observa con mejor resultado en compuestos fen{\'{o}}licos y capacidad antioxidante (en granos germinados a 96 horas), cocida a una temperatura de 65°C presentando un valor de 81.80 mg. {\'{a}}cido g{\'{a}}lico/100 g de materia seca y 129.84 µmol. Trolox eq/g de materia seca, teniendo mejores resultados la accesi{\'{o}}n PIK 030133 y la composici{\'{o}}n proximal presenta resultados ligeramente bajos en ambas accesiones. Concluy{\'{e}}ndose que los compuestos fen{\'{o}}licos aumentan conforme se incrementa el tiempo de germinaci{\'{o}}n hasta lograr una estabilidad y por el proceso de cocci{\'{o}}n h{\'{u}}meda disminuye ligeramente a medida que la temperatura aumenta. La capacidad antioxidante aumenta con el tiempo de germinado y disminuye a mayor temperatura de cocci{\'{o}}n, esto se deber{\'{i}}a a que durante la germinaci{\'{o}}n existe una actividad enzim{\'{a}}tica y mientras que en la cocci{\'{o}}n disminuye, porque los antioxidantes se degradan a mayor temperatura, la composici{\'{o}}n proximal durante la germinaci{\'{o}}n es favorable y en la cocci{\'{o}}n es afectado ocasionando una disminuci{\'{o}}n.},
author = {Mamani, Elizabeth Luna},
file = {:home/concytec/.local/share/data/Mendeley Ltd./Mendeley Desktop/Downloaded/Mamani - 2015 - Universidad nacional del altiplano.pdf:pdf},
pages = {1--84},
title = {{Universidad nacional del altiplano}},
url = {http://repositorio.unap.edu.pe/bitstream/handle/UNAP/2816/Luna{\_}Mamani{\_}Elizabeth.pdf?sequence=1},
year = {2015}
}
@article{Valen1996c,
author = {Valen, Van},
file = {:home/concytec/.local/share/data/Mendeley Ltd./Mendeley Desktop/Downloaded/Valen - 1996 - Post Hoc.pdf:pdf},
keywords = {abstract,an application of cluster,analysis in two stages,an{\'{a}}lisis cluster,for countries such as,is quite,marketing tur{\'{i}}stico,portugal,post hoc segmentation of,preferencias,segmentaci{\'{o}}n post hoc,several countries worldwide is,spain and france,the importance of tourism,the spanish tourist market,to the economies of,undeniable},
pages = {43--48},
title = {{Post Hoc}},
volume = {19},
year = {1996}
}
@article{Inicializacionb,
author = {Inicializaci{\'{o}}n, C O N Heur{\'{i}}stica D E and System, Ant and Tab{\'{u}}, Lista and Viajante, Cajero},
file = {:home/concytec/.local/share/data/Mendeley Ltd./Mendeley Desktop/Downloaded/Inicializaci{\'{o}}n et al. - Unknown - Resumen Palabras claves.pdf:pdf},
title = {{Resumen Palabras claves}}
}
@article{Varun2012c,
author = {Varun, Kumar M. and Vishnu, Chaitanya M. and Madhavan, M.},
file = {:home/concytec/.local/share/data/Mendeley Ltd./Mendeley Desktop/Downloaded/Varun, Vishnu, Madhavan - 2012 - Segmenting the Banking Market Strategy by Clustering.pdf:pdf},
journal = {International Journal of Computer Applications},
number = {17},
pages = {10},
title = {{Segmenting the Banking Market Strategy by Clustering}},
volume = {45},
year = {2012}
}
@article{Caceres2016a,
author = {C{\'{a}}ceres, Javier Hern{\'{a}}ndez},
file = {:home/concytec/.local/share/data/Mendeley Ltd./Mendeley Desktop/Downloaded/C{\'{a}}ceres - 2016 - Clustering technique based on k- means algorithm for the identification of clusters of surgical patients.pdf:pdf},
journal = {Universidad Santo Tom{\'{a}}s, seccional Bucaramanga},
keywords = {care,clustering,clustering technique,crisp-dm,data mining,data mining in health,k-,means,miner{\'{i}}a de datos en,palabras claves,salud},
pages = {1--8},
title = {{Clustering technique based on k- means algorithm for the identification of clusters of surgical patients}},
year = {2016}
}
@phdthesis{MamaniRodriguezZoraidaEmperatriz2015c,
author = {{Mamani Rodr{\'{i}}guez Zoraida Emperatriz}},
file = {:home/concytec/.local/share/data/Mendeley Ltd./Mendeley Desktop/Downloaded/Mamani Rodr{\'{i}}guez Zoraida Emperatriz - 2015 - Aplicaci{\'{o}}n De La Mineria De Datos Distribuida Usando Algoritmo De Clustering K-Means Para.pdf:pdf;:home/concytec/.local/share/data/Mendeley Ltd./Mendeley Desktop/Downloaded/Mamani Rodr{\'{i}}guez Zoraida Emperatriz - 2015 - Aplicaci{\'{o}}n De La Mineria De Datos Distribuida Usando Algoritmo De Clustering K-Means P(2).pdf:pdf},
title = {{Aplicaci{\'{o}}n De La Mineria De Datos Distribuida Usando Algoritmo De Clustering K-Means Para Mejorar La Calidad De Servicios De Las Organizaciones Modernas}},
url = {http://cybertesis.unmsm.edu.pe/bitstream/cybertesis/4472/1/Mamani{\_}rz.pdf},
year = {2015}
}
@article{Ceruso2016b,
author = {Ceruso, Sabato and Laguna, La},
file = {:home/concytec/.local/share/data/Mendeley Ltd./Mendeley Desktop/Downloaded/Ceruso, Laguna - 2016 - Trabajo de Fin de Grado Biblioteca Java para algoritmos heur ´ ısticos en optimizaci ´ on matem ´ atica.pdf:pdf},
title = {{Trabajo de Fin de Grado Biblioteca Java para algoritmos heur ´ ısticos en optimizaci ´ on matem ´ atica}},
year = {2016}
}
@article{Chaparro2016d,
author = {Chaparro, Alicia and Gonz{\'{a}}lez, Coral and Caso, Joaqu{\'{i}}n},
doi = {1607-4041},
file = {:home/concytec/.local/share/data/Mendeley Ltd./Mendeley Desktop/Downloaded/Chaparro, Gonz{\'{a}}lez, Caso - 2016 - Familia y rendimiento acad{\'{e}}mico configuraci{\'{o}}n de perfiles estudiantiles en secundaria Family and A.pdf:pdf},
issn = {1607-4041},
journal = {Revista Electr{\'{o}}nica de Investigaci{\'{o}}n Educativa},
keywords = {ense{\~{n}}anza secundaria,familia,perfil del alumno,rendimiento},
number = {1},
title = {{Familia y rendimiento acad{\'{e}}mico : configuraci{\'{o}}n de perfiles estudiantiles en secundaria Family and Academic Performance : Identifying High School Student Profiles}},
volume = {18},
year = {2016}
}
@phdthesis{Pa2016e,
author = {Pa, Richer and Aplicadas, Ciencias},
file = {:home/concytec/.local/share/data/Mendeley Ltd./Mendeley Desktop/Downloaded/Pa, Aplicadas - 2016 - Propuesta de la plataforma de big data orientado al sector tur{\'{i}}stico.pdf:pdf},
title = {{Propuesta de la plataforma de big data orientado al sector tur{\'{i}}stico}},
year = {2016}
}
@article{Verma2012c,
abstract = {-Data clustering is a process of putting similar data into groups. A clustering algorithm partitions a data set into several groups such that the similarity within a group is larger than among groups.This paper reviews six types of clustering techniques-k-Means Clustering, Hierarchical Clustering, DBScan clustering, Density Based Clustering, Optics , EM Algorithm. These clustering techniques are implemented and analysed using a clustering tool WEKA.Performance of the 6 techniques are presented and compared.},
archivePrefix = {arXiv},
arxivId = {2248-9622},
author = {Verma, Manish and Srivastava, Mauly and Chack, Neha and Diswar, Atul Kumar and Gupta, Nidhi},
eprint = {2248-9622},
file = {:home/concytec/.local/share/data/Mendeley Ltd./Mendeley Desktop/Downloaded/Verma et al. - 2012 - A Comparative Study of Various Clustering Algorithms in Data Mining.pdf:pdf},
issn = {2248-9622},
journal = {International Journal of Engineering Research and Applications www.ijera.com},
keywords = {DB Scan Clustering,Density Based Clustering,EM Algorithm,Hierarchical Clustering,Index Terms-Data clustering,K-Means Clustering,OPTICS},
number = {3},
pages = {1379--1384},
title = {{A Comparative Study of Various Clustering Algorithms in Data Mining}},
volume = {2},
year = {2012}
}
@article{Angel-Alberto2013c,
abstract = {El estudio tuvo como objetivo definir perfiles de estudiantes de posgrado en ciencias e ingenier{\'{i}}as con base en su percepci{\'{o}}n de la importancia y desarrollo de competencias cient{\'{i}}ficas. Utilizando un muestreo aleatorio simple se seleccionaron 146 estudiantes de posgrado de tres instituciones de educaci{\'{o}}n superior de Sonora. Se les administr{\'{o}} un cuestionario para medir su percepci{\'{o}}n acerca de la importancia de las competencias cient{\'{i}}ficas en sus curr{\'{i}}culos y el desarrollo alcanzado en las mismas. Con una prueba de conglomerados no jer{\'{a}}rquicos K-medias se identificaron dos perfiles. El primero, integrado por 112 (76.7{\%}) de los estudiantes, se defini{\'{o}} como “Perfil Acad{\'{e}}mico Deseado”, y el segundo al que se denomin{\'{o}} “Perfil Acad{\'{e}}mico Mejorable” incluy{\'{o}} a 34 estudiantes (23.3{\%}). El primer perfil se caracteriz{\'{o}} por percibir mayor importancia en las competencias cient{\'{i}}ficas de sus curr{\'{i}}culos y el desarrollo alcanzado en las mismas; adem{\'{a}}s, refirieron mayor participaci{\'{o}}n en proyectos de investigaci{\'{o}}n y productividad acad{\'{e}}mica. O estudo teve como objetivo definir o perfil dos estudantes de p{\'{o}}s-gradua{\c{c}}{\~{a}}o em ci{\^{e}}ncias e engenharias com base na sua percep{\c{c}}{\~{a}}o da import{\^{a}}ncia e o desenvolvimento das compet{\^{e}}ncias cient{\'{i}}ficas. Atrav{\'{e}}s de uma amostragem aleat{\'{o}}ria simples foram selecionados 146 estudantes de p{\'{o}}s-gradua{\c{c}}{\~{a}}o de tr{\^{e}}s institui{\c{c}}{\~{o}}es de ensino superior de Sonora. Utilizamos um question{\'{a}}rio para medir a sua percep{\c{c}}{\~{a}}o sobre a import{\^{a}}ncia das compet{\^{e}}ncias cient{\'{i}}ficas em seus curr{\'{i}}culos e o desenvolvimento alcan{\c{c}}ado nas mesmas. Com uma prova de conglomerados n{\~{a}}o hier{\'{a}}rquicos K-medias identificaramse dois perfis. O primeiro, integrado por 112 estudantes (76.7{\%}), definiu-se como “Perfil Acad{\^{e}}mico Desejado”, e o segundo que foi denominado “Perfil Acad{\^{e}}mico Melhor{\'{a}}vel” incluiu a 34 estudantes (23.3{\%}). O primeiro perfil caracterizou-se por perceber maior import{\^{a}}ncia nas compet{\^{e}}ncias cient{\'{i}}ficas dentro de seus curr{\'{i}}culos e o desenvolvimento alcan{\c{c}}ado nas mesmas; al{\'{e}}m disto, tiveram maior participa{\c{c}}{\~{a}}o em projetos de pesquisa e produtividade acad{\^{e}}mica. The purpose of this study was to define the profiles of science and engineering postgraduate students based on their perception of the importance and development of scientific competencies. One hundred and forty-six postgraduate students from three higher education institutions in Sonora were selected using a simple random sampling. They were given a questionnaire to measure their perception of the importance of the scientific competencies in their curriculum and the development achieved in them. Two profiles were identified based on a non-hierarchical clustering K-means analysis. The first one, made up of 112 (76.7{\%}) of the students, was defined as the “Desired Academic Profile”, and the second one, which was called “Improvable Academic Profile” included 34 students (23.3{\%}). The first profile was characterized by a perception of greater importance in the scientific competencies in their curricula and in the development achieved in them. Also, mention was made of a higher participation in research projects and academic productivity.},
author = {{\'{A}}ngel-Alberto, Vald{\'{e}}s-Cuervo and Jos{\'{e}}-{\'{A}}ngel, Vera-Noriega and Ernesto-Alonso, Carlos-Mart{\'{i}}nez and Etty-Hayde{\'{e}}, Est{\'{e}}vez-Nenninger},
doi = {10.1016/S2007-2872(13)71922-X},
file = {:home/concytec/.local/share/data/Mendeley Ltd./Mendeley Desktop/Downloaded/{\'{A}}ngel-Alberto et al. - 2013 - Perfiles de estudiantes de posgrado en ciencias e ingenier{\'{i}}as en Sonora.pdf:pdf},
issn = {20072872},
journal = {Revista Iberoamericana de Educaci{\'{o}}n Superior},
keywords = {ciencia,ci{\^{e}}ncia,competencias,compet{\^{e}}ncias,educaci{\'{o}}n,educaci{\'{o}}n superior,education,educa{\c{c}}{\~{a}}o,ensino superior,higher education,science,skills},
number = {10},
pages = {22--39},
title = {{Perfiles de estudiantes de posgrado en ciencias e ingenier{\'{i}}as en Sonora}},
url = {http://www.sciencedirect.com/science/article/pii/S200728721371922X},
volume = {4},
year = {2013}
}
@article{Hidalgob,
author = {Hidalgo, Miguel and Estrada, Hugo and Mexicano, Adriana},
file = {:home/concytec/.local/share/data/Mendeley Ltd./Mendeley Desktop/Downloaded/Hidalgo, Estrada, Mexicano - Unknown - ıstica orientada a la reducci ´ on de su complejidad computacional.pdf:pdf;:home/concytec/.local/share/data/Mendeley Ltd./Mendeley Desktop/Downloaded/Hidalgo, Estrada, Mexicano - Unknown - ıstica orientada a la reducci ´ on de su complejidad computacional(2).pdf:pdf},
title = {ıstica orientada a la reducci ´ on de su complejidad computacional}
}
@article{Arimond2001c,
abstract = {One challenge in tourism market segmentation research is finding a statistical clustering method that can use data from the commonly used qualitative (categorical scale) survey instrument. Current proven methods require the use of quantitative (ratio or interval scale) data. However, quantitative survey instruments are seldom used. Many quantitative clustering methods severely restrict the number of attributes measured despite the fact that segmentation analysis works best when it measures all the multistate attributes that visitors identify as influencing their tourist experience. This study demonstrated that multistate categorical survey data could be successfully used. Using data from a bed-and-breakfast survey (229 guests), a two-stage analysis method was employed. First, multiple correspondence analysis was used to spatially map each of the attributes, and then cluster analysis was used to identify market segments. It is believed this method can be more practical in the field of applied tourism research.},
author = {Arimond, G.a and Elfessi, A.b},
doi = {10.1177/004728750103900405},
file = {:home/concytec/.local/share/data/Mendeley Ltd./Mendeley Desktop/Downloaded/Arimond, Elfessi - 2001 - A clustering method for categorical data in tourism market segmentation research.pdf:pdf},
issn = {0047-2875},
journal = {Journal of Travel Research},
number = {4},
pages = {391--397},
title = {{A clustering method for categorical data in tourism market segmentation research}},
url = {http://www.scopus.com/inward/record.url?eid=2-s2.0-0035709998{\&}partnerID=40{\&}md5=4e12180b5d6cb84095ed52cfc7e781d1},
volume = {39},
year = {2001}
}
@article{Canari2005b,
author = {Ca{\~{n}}ari, Alicia Rioja},
file = {:home/concytec/.local/share/data/Mendeley Ltd./Mendeley Desktop/Downloaded/Ca{\~{n}}ari - 2005 - Conceptos , algoritmo y aplicaci{\'{o}}n al problema de las N – reinas(5).pdf:pdf;:home/concytec/.local/share/data/Mendeley Ltd./Mendeley Desktop/Downloaded/Ca{\~{n}}ari - 2005 - Conceptos , algoritmo y aplicaci{\'{o}}n al problema de las N – reinas(3).pdf:pdf;:home/concytec/.local/share/data/Mendeley Ltd./Mendeley Desktop/Downloaded/Ca{\~{n}}ari - 2005 - Conceptos , algoritmo y aplicaci{\'{o}}n al problema de las N – reinas.pdf:pdf;:home/concytec/.local/share/data/Mendeley Ltd./Mendeley Desktop/Downloaded/Ca{\~{n}}ari - 2005 - Conceptos , algoritmo y aplicaci{\'{o}}n al problema de las N – reinas(2).pdf:pdf;:home/concytec/.local/share/data/Mendeley Ltd./Mendeley Desktop/Downloaded/Ca{\~{n}}ari - 2005 - Conceptos , algoritmo y aplicaci{\'{o}}n al problema de las N – reinas(4).pdf:pdf},
title = {{Conceptos , algoritmo y aplicaci{\'{o}}n al problema de las N – reinas}},
year = {2005}
}
@article{Garcia2006b,
abstract = {En el siguiente trabajo, vamos a tratar el tema del aprendiza-je. En primer lugar definiremos este concepto y veremos los tipos de aprendizaje que existen y las clasificaciones que den-tro de este se pueden realizar. A continuaci{\'{o}}n analizaremos mas profundamente el aprendizaje inductivo, explicando me-diante conceptos te{\'{o}}ricos y ejemplos las caracter{\'{i}}sticas fun-damentales del aprendizaje inductivo supervisado (K-NN) y aprendizaje inductivo no supervisado (K-MEANS).},
author = {Garc{\'{i}}a, Cristina and G{\'{o}}mez, Irene},
file = {:home/concytec/.local/share/data/Mendeley Ltd./Mendeley Desktop/Downloaded/Garc{\'{i}}a, G{\'{o}}mez - 2006 - Algoritmos de aprendizaje knn {\&} kmeans.pdf:pdf},
journal = {Universidad Carlos III de Madrid},
pages = {1--8},
title = {{Algoritmos de aprendizaje: knn {\&} kmeans}},
url = {http://www.it.uc3m.es/jvillena/irc/practicas/08-09/06.pdf},
year = {2006}
}
@article{Pereira2017c,
author = {Pereira, Melise De Lima and dos Anjos, Francisco Antonio and A{\~{n}}a{\~{n}}a, Edar da Silva},
file = {:home/concytec/.local/share/data/Mendeley Ltd./Mendeley Desktop/Downloaded/Pereira, Anjos, A{\~{n}}a{\~{n}}a - 2017 - SEGMENTACI{\'{O}}N POST-HOC DEL MERCADO TUR{\'{I}}STICO EN LOS DESTINOS DEL LITORAL BRASILE{\~{N}}O An{\'{a}}lisis seg{\'{u}}n l.pdf:pdf},
keywords = {abstract,analysis,brasil,brazilian destinations,certain brazilian coastal tourist,destinations,destinos tur{\'{i}}sticos,from the personal values,identify and evaluate the,of the market for,of tourists,segmentaci{\'{o}}n post-hoc,segmentation,segmentation post-hoc of the,the,this research seeks to,tourist market in coastal,turistas,valores personales,vis-{\`{a}}-vis of personal values},
pages = {662--677},
title = {{SEGMENTACI{\'{O}}N POST-HOC DEL MERCADO TUR{\'{I}}STICO EN LOS DESTINOS DEL LITORAL BRASILE{\~{N}}O An{\'{a}}lisis seg{\'{u}}n los valores personales de los turistas}},
volume = {26},
year = {2017}
}
@article{Rivasplata2012,
author = {Rivasplata, Joel Cieza and Sahuanga, Caleb Flores},
file = {:home/concytec/.local/share/data/Mendeley Ltd./Mendeley Desktop/Downloaded/Rivasplata, Sahuanga - 2012 - CLUSTERIZACI{\'{O}}N BASADO EN EL ALGORITMO DE K-MEANS PARA LA MATERNA EN EL HOSPITAL SAN(5).pdf:pdf},
keywords = {clustering,crisp-dm,data mining,k-means,morbilidad,s},
pages = {15--21},
title = {{CLUSTERIZACI{\'{O}}N BASADO EN EL ALGORITMO DE K-MEANS PARA LA MATERNA EN EL HOSPITAL SAN}},
year = {2012}
}
@article{Ferrerira2010c,
abstract = {Es innegable la importancia del turismo en la econom{\'{i}}a de pa{\'{i}}ses como Portugal, Espa{\~{n}}a y Francia, concretamente, en el Producto Interno Bruto y en la creaci{\'{o}}n de empleo. Asimismo, el turismo en estos pa{\'{i}}ses potencia un crecimiento sustentable equilibrado. As{\'{i}}, la perspectiva del Marketing Tur{\'{i}}stico surge como un paradigma compartido por las potencias tur{\'{i}}sticas internacionales. Establecer una pol{\'{i}}tica de Marketing Tur{\'{i}}stico presupone conocer las necesidades y preferencias de los turistas, de modo de orientar de forma {\'{o}}ptima las estrategias llevadas a cabo por los gobiernos y organizaciones responsables de la gesti{\'{o}}n de recursos tur{\'{i}}sticos, sean ellos naturales, humanos o infraestructurales. El principal objetivo del presente estudio es ilustrar las ventajas asociadas a la aplicaci{\'{o}}n de t{\'{e}}cnicas multivariadas, el An{\'{a}}lisis Cluster en dos fases, realizando una segmentaci{\'{o}}n a posteriori (post hoc) basada en las preferencias de los turistas espa{\~{n}}oles. Los resultados obtenidos permitieron identificar 5 clusters: los Culture Seekers, que se caracterizan por preferir destinos con una alta oferta cultural; los Culture Seekers oriented by Low Prices, turistas que prefieren destinos con elevada oferta cultural y precios accesibles; los Sun and Tranquility Seekers, que son turistas que buscan destinos de sol, con ambientes tranquilos; los Sun and Night Lovers, referente a los turistas que prefieren destinos de sol, con elevada oferta de diversi{\'{o}}n nocturna; y los Night Lovers oriented by Low Prices, que son turistas que buscan destinos con elevada oferta de diversi{\'{o}}n nocturna y precios accesibles.},
author = {Ferrerira, S{\'{e}}rgio Dominique and Rial, Antonio and Varela, Jes{\'{u}}s},
doi = {10.1097/CCM.0b013e318256b800},
file = {:home/concytec/.local/share/data/Mendeley Ltd./Mendeley Desktop/Downloaded/Ferrerira, Rial, Varela - 2010 - Segmentacion post hoc del mercado tur{\'{i}}stico espa{\~{n}}ol.pdf:pdf},
issn = {1851-1732},
journal = {Estudios y Perspectivas en Turismo},
keywords = {abstract,an application of cluster,analysis in two stages,an{\'{a}}lisis cluster,for countries such as,is quite,marketing tur{\'{i}}stico,portugal,post hoc segmentation of,preferencias,segmentaci{\'{o}}n post hoc,several countries worldwide is,spain and france,the importance of tourism,the spanish tourist market,to the economies of,undeniable},
pages = {592 -- 606},
title = {{Segmentacion post hoc del mercado tur{\'{i}}stico espa{\~{n}}ol}},
volume = {19},
year = {2010}
}
@article{LajoSalazarJulianJavier2016a,
author = {{Lajo Salazar Julian Javier}},
file = {:home/concytec/.local/share/data/Mendeley Ltd./Mendeley Desktop/Downloaded/Lajo Salazar Julian Javier - 2016 - “An{\'{a}}lisis De Preferencia De Servicios De Telefon{\'{i}}a M{\'{o}}vil Para Segmentar a Los Clientes Que Us.pdf:pdf},
journal = {Universidad Nacional Agraria La Molina},
title = {{“An{\'{a}}lisis De Preferencia De Servicios De Telefon{\'{i}}a M{\'{o}}vil Para Segmentar a Los Clientes Que Usan Smartphone”}},
year = {2016}
}
@phdthesis{Tapias2014d,
author = {Tapias, KA Morelo and Marrugo, PD Puello},
file = {:home/concytec/.local/share/data/Mendeley Ltd./Mendeley Desktop/Downloaded/Tapias, Marrugo - 2014 - Sistema para la caracterizaci{\'{o}}n de perfiles de clientes de la empresa zona T.pdf:pdf},
title = {{Sistema para la caracterizaci{\'{o}}n de perfiles de clientes de la empresa zona T}},
url = {http://190.25.234.130:8080/jspui/handle/11227/741},
year = {2014}
}
@article{Fernando2013c,
author = {Fernando, Oscar and Leiva, Bedoya},
file = {:home/concytec/.local/share/data/Mendeley Ltd./Mendeley Desktop/Downloaded/Fernando, Leiva - 2013 - Clasificaci{\'{o}}n difusa para descubrir perfiles de usuarios en la web.pdf:pdf},
keywords = {clasificaci{\'{o}}n difusa,la web,miner{\'{i}}a de datos en,perfiles de usuario,s},
pages = {94--104},
title = {{Clasificaci{\'{o}}n difusa para descubrir perfiles de usuarios en la web}},
volume = {8},
year = {2013}
}
@article{PerezRedondo2017,
abstract = {Los viajes han sido frecuentemente objeto de inspiraci{\'{o}}n para escritores y cronistas que han ido dejando la huella de su experiencia viajera en el desarrollo de sus textos. En ellos se suele alternar lo real con lo imaginario y es esa una de las principales fortalezas que puede tener un trabajo literario para alcanzar el {\'{e}}xito. La constante intromisi{\'{o}}n de lo real en lo ficticio y viceversa permite la construcci{\'{o}}n de incesantes imaginarios sociales en determinados lugares y momentos. Las creaciones literarias transportan al lector a una realidad que s{\'{o}}lo existe o se configura en su cabeza. Con el auge y desarrollo del turismo literario, que es una rama del turismo cultural, se va a permitir, de m{\'{u}}ltiples maneras, que el lector complemente en el mundo real lo que experiment{\'{o}} en sus lecturas, por ejemplo visitando los lugares donde discurre la trama de una novela. En este art{\'{i}}culo se va a analizar, por un lado, el turismo literario como factor de creaci{\'{o}}n de nuevos imaginarios sociales y, por otra parte, se va a construir un perfil del turista literario en Espa{\~{n}}a que nos permita identificar cu{\'{a}}les son sus caracter{\'{i}}sticas comunes. Para conseguir este fin hemos revisado bibliograf{\'{i}}a espec{\'{i}}fica sobre el tema tratado, se ha recurrido a organismos culturales que nos han aportado datos sobre el visitante y su experiencia viajera y hemos incorporado una encuesta como t{\'{e}}cnica para obtener informaci{\'{o}}n.},
author = {{P{\'{e}}rez Redondo}, Rub{\'{e}}n J},
doi = {10.17502/m.rcs.v5i1.158},
file = {:home/concytec/.local/share/data/Mendeley Ltd./Mendeley Desktop/Downloaded/P{\'{e}}rez Redondo - 2017 - Un viaje desde lo imaginario a lo real. Una aproximaci{\'{o}}n al perfil del turista literario en Espa{\~{n}}a.pdf:pdf},
keywords = {imaginario social,simbolog{\'{i}}a,sociolog{\'{i}}a de la literatura,turismo cultural,viaje},
number = {1},
pages = {119--129},
title = {{Un viaje desde lo imaginario a lo real. Una aproximaci{\'{o}}n al perfil del turista literario en Espa{\~{n}}a}},
volume = {5},
year = {2017}
}
@article{Gabriel2016c,
author = {Gabriel, Juan and Bayona, Rueda and Judith, Cindy and P{\'{e}}rez, Elles and Humberto, Edgar and Cotte, S{\'{a}}nchez and Le{\'{o}}n, {\'{A}}ngel and Ariza, Gonz{\'{a}}lez and Daniel, Germ{\'{a}}n and Ospina, Rivillas},
doi = {10.14483/udistrital.jour.tecnura.2016.4.a04},
file = {:home/concytec/.local/share/data/Mendeley Ltd./Mendeley Desktop/Downloaded/Gabriel et al. - 2016 - Tecnura.pdf:pdf},
keywords = {clima,cl{\'{u}}ster,componentes principales,fourier,temperatura,velocidad del,viento},
number = {50},
pages = {55--68},
title = {{Tecnura}},
volume = {20},
year = {2016}
}
