Automatically generated by Mendeley Desktop 1.17.13
Any changes to this file will be lost if it is regenerated by Mendeley.

BibTeX export options can be customized via Options -> BibTeX in Mendeley Desktop

@phdthesis{Sanchez2017f,
author = {S{\'{a}}nchez, Cynthia Nicole},
file = {:home/concytec/.local/share/data/Mendeley Ltd./Mendeley Desktop/Downloaded/S{\'{a}}nchez - 2017 - APLICACI{\'{O}}N DE LA T{\'{E}}CNICA ESTAD{\'{I}}STICA CL{\'{U}}STER K-MEDIAS PARA LA SEGMENTACI{\'{O}}N ORIENTADA A COMPRENDER LAS NECESIDADES.pdf:pdf},
pages = {90},
title = {{APLICACI{\'{O}}N DE LA T{\'{E}}CNICA ESTAD{\'{I}}STICA CL{\'{U}}STER K-MEDIAS PARA LA SEGMENTACI{\'{O}}N ORIENTADA A COMPRENDER LAS NECESIDADES DE FINANCIAMIENTO DE CLIENTES DE UNA ENTIDAD FINANCIERA}},
url = {http://repositorio.upn.edu.pe/handle/11537/10120},
year = {2017}
}
@phdthesis{Tapias2014d,
author = {Tapias, KA Morelo and Marrugo, PD Puello},
file = {:home/concytec/.local/share/data/Mendeley Ltd./Mendeley Desktop/Downloaded/Tapias, Marrugo - 2014 - Sistema para la caracterizaci{\'{o}}n de perfiles de clientes de la empresa zona T.pdf:pdf},
title = {{Sistema para la caracterizaci{\'{o}}n de perfiles de clientes de la empresa zona T}},
url = {http://190.25.234.130:8080/jspui/handle/11227/741},
year = {2014}
}
@article{Mamani2015c,
abstract = {En el presente trabajo de investigaci{\'{o}}n, tuvo como objetivo evaluar la influencia del germinado y cocci{\'{o}}n h{\'{u}}meda en compuestos bioactivos de dos accesiones de ca{\~{n}}ihua (Chenopodium pallidicaule Aellen). Para lo cual el grano de ca{\~{n}}ihua fue sometido a un acondicionamiento antes de la evaluaci{\'{o}}n, que consisti{\'{o}} en las operaciones de limpieza y selecci{\'{o}}n (eliminaci{\'{o}}n de impurezas) obteni{\'{e}}ndose as{\'{i}} para el germinado a 72 y 96 horas, luego se realiz{\'{o}} el proceso de cocci{\'{o}}n h{\'{u}}meda a temperaturas de 65 y 85°C a presi{\'{o}}n atmosf{\'{e}}rica. De los an{\'{a}}lisis realizados, para el grano de ca{\~{n}}ihua germinada se muestra un mayor incremento a 72 horas en compuestos fen{\'{o}}licos con un valor de 95.29 mg. {\'{a}}cido g{\'{a}}lico/100 g de materia seca, mientras que la capacidad antioxidante incremento a 96 horas con un de valor de 181.84 µmol. Trolox eq/g de materia seca, mostrando mejores resultados la accesi{\'{o}}n PIK 030133 y la composici{\'{o}}n proximal son variables, resaltando que el contenido proteico aumenta durante el proceso de germinaci{\'{o}}n a medida que el tiempo incrementa. Para la ca{\~{n}}ihua procesada (germinada y cocida), se observa con mejor resultado en compuestos fen{\'{o}}licos y capacidad antioxidante (en granos germinados a 96 horas), cocida a una temperatura de 65°C presentando un valor de 81.80 mg. {\'{a}}cido g{\'{a}}lico/100 g de materia seca y 129.84 µmol. Trolox eq/g de materia seca, teniendo mejores resultados la accesi{\'{o}}n PIK 030133 y la composici{\'{o}}n proximal presenta resultados ligeramente bajos en ambas accesiones. Concluy{\'{e}}ndose que los compuestos fen{\'{o}}licos aumentan conforme se incrementa el tiempo de germinaci{\'{o}}n hasta lograr una estabilidad y por el proceso de cocci{\'{o}}n h{\'{u}}meda disminuye ligeramente a medida que la temperatura aumenta. La capacidad antioxidante aumenta con el tiempo de germinado y disminuye a mayor temperatura de cocci{\'{o}}n, esto se deber{\'{i}}a a que durante la germinaci{\'{o}}n existe una actividad enzim{\'{a}}tica y mientras que en la cocci{\'{o}}n disminuye, porque los antioxidantes se degradan a mayor temperatura, la composici{\'{o}}n proximal durante la germinaci{\'{o}}n es favorable y en la cocci{\'{o}}n es afectado ocasionando una disminuci{\'{o}}n.},
author = {Mamani, Elizabeth Luna},
file = {:home/concytec/.local/share/data/Mendeley Ltd./Mendeley Desktop/Downloaded/Mamani - 2015 - Universidad nacional del altiplano.pdf:pdf},
pages = {1--84},
title = {{Universidad nacional del altiplano}},
url = {http://repositorio.unap.edu.pe/bitstream/handle/UNAP/2816/Luna{\_}Mamani{\_}Elizabeth.pdf?sequence=1},
year = {2015}
}
@phdthesis{MamaniRodriguezZoraidaEmperatriz2015c,
author = {{Mamani Rodr{\'{i}}guez Zoraida Emperatriz}},
file = {:home/concytec/.local/share/data/Mendeley Ltd./Mendeley Desktop/Downloaded/Mamani Rodr{\'{i}}guez Zoraida Emperatriz - 2015 - Aplicaci{\'{o}}n De La Mineria De Datos Distribuida Usando Algoritmo De Clustering K-Means Para.pdf:pdf;:home/concytec/.local/share/data/Mendeley Ltd./Mendeley Desktop/Downloaded/Mamani Rodr{\'{i}}guez Zoraida Emperatriz - 2015 - Aplicaci{\'{o}}n De La Mineria De Datos Distribuida Usando Algoritmo De Clustering K-Means P(2).pdf:pdf},
title = {{Aplicaci{\'{o}}n De La Mineria De Datos Distribuida Usando Algoritmo De Clustering K-Means Para Mejorar La Calidad De Servicios De Las Organizaciones Modernas}},
url = {http://cybertesis.unmsm.edu.pe/bitstream/cybertesis/4472/1/Mamani{\_}rz.pdf},
year = {2015}
}
@article{Rivasplata2012,
author = {Rivasplata, Joel Cieza and Sahuanga, Caleb Flores},
file = {:home/concytec/.local/share/data/Mendeley Ltd./Mendeley Desktop/Downloaded/Rivasplata, Sahuanga - 2012 - CLUSTERIZACI{\'{O}}N BASADO EN EL ALGORITMO DE K-MEANS PARA LA MATERNA EN EL HOSPITAL SAN(5).pdf:pdf},
keywords = {clustering,crisp-dm,data mining,k-means,morbilidad,s},
pages = {15--21},
title = {{CLUSTERIZACI{\'{O}}N BASADO EN EL ALGORITMO DE K-MEANS PARA LA MATERNA EN EL HOSPITAL SAN}},
year = {2012}
}
